2828 4678
359 418 406 466 ur
437 393 565 465 aanor
597 417 864 466 uora11111u11.
1054 401 1118 488 §75

291 525 367 594 vitia
388 529 581 605 observata,
604 551 676 616 quae
699 527 739 594 ed
758 530 968 618 suffusionem
980 543 1055 596 sunt
1070 554 1119 596 re-

335 629 478 704 serenda.
503 635 593 701 Ibid.
624 639 687 716 15,
717 661 779 724 17,
812 641 860 704 18.

290 747 432 833 opacitas
457 745 497 809 ab
528 746 597 833 ejus
621 769 710 833 aquae
736 746 866 813 deiectu
888 757 942 814 aut
963 747 1115 814 imminu-

335 853 433 918 tione.
459 853 548 918 Ibid.
579 856 628 932 14.

201 953 242 1024 de
257 959 342 1026 oculi
363 957 560 1049 procidentia
577 960 735 1050 quaedam.
761 962 851 1029 Ibid.
880 988 931 1031 ao.

109 1065 292 1136 Oculorum
310 1089 367 1136 eur
386 1082 434 1134 tot
458 1071 522 1135 sint
547 1071 651 1136 morbi
665 1117 680 1147 -,
704 1071 810 1149 XIII,
837 1095 888 1159 19.

224 1244 226 1254 ,
290 1189 322 1244 et
344 1191 409 1243 tam
432 1179 525 1245 facile
545 1180 715 1256 accidant,
739 1179 871 1256 LXIII,
903 1205 953 1245 11.

199 1285 330 1372 quidam
355 1289 459 1352 morbi
481 1288 643 1375 quomodo
663 1289 757 1354 levati
779 1291 870 1366 siut,
894 1287 1017 1365 XLVI,
1032 1313 1064 1376 9.

198 1387 340 1457 Vulnera
356 1391 502 1478 quaedam
518 1415 577 1457 cur
598 1393 707 1456 statim
725 1391 880 1467 lethalia,
908 1392 986 1469 LII,
1005 1396 1065 1478 Io.¹

287 1495 431 1591 per'quae
446 1499 546 1579 nihil,
565 1503 625 1567 nisi
643 1525 762 1590 aqueus
779 1502 896 1567 humor
912 1501 1109 1579 effunditur,

329 1619 455 1699 postea
472 1611 648 1699 perfectam
666 1613 820 1677 visionem
834 1635 904 1676 esse
926 1635 1037 1700 posse,
1055 1615 1110 1700 qui

328 1743 402 1786 vere
415 1721 491 1786 oiim
510 1721 762 1797 affirmaverim,
788 1720 871 1796 LII,
896 1723 950 1799 40.

285 1853 363 1895 num
390 1831 487 1895 etiam
505 1843 576 1917 post
598 1853 635 1894 ea
656 1853 714 1918 per
734 1853 804 1918 quae
826 1853 937 1896 omnes
956 1829 1108 1896 humores

328 1936 549 2004 effunduntur.
578 1937 669 2004 Ibid.

284 2037 363 2112 num
385 2047 587 2136 crystallinus
617 2049 794 2136 praesertim
814 2071 924 2113 rursus
945 2049 1104 2137 gignatur.

329 2155 418 2222 ibid.

284 2263 416 2354 quinam
441 2278 514 2332 ante
538 2263 701 2332 Burrhum
725 2277 758 2335 et
791 2277 864 2354 post
891 2263 1055 2330 Burrhum
1078 2263 1112 2331 id

328 2374 535 2442 crediderint.
558 2375 577 2434 I
581 2375 647 2440 bid.

105 2486 287 2556 Oculorum
309 2490 422 2554 orbitae
454 2487 575 2554 inflicta
604 2489 736 2553 vulnera
761 2508 859 2577 quam
879 2471 972 2554 facile
988 2488 1111 2576 possint

148 2599 190 2666 ad
210 2599 380 2667 cerebrum
399 2600 590 2688 pervenire,
618 2596 684 2674 Ll,
709 2599 761 2662 58.

192 2711 406 2798 pervenisse,
443 2706 527 2773 uude
556 2705 773 2794 conjiciatur,
796 2717 830 2770 et
855 2727 952 2792 quam
976 2705 1107 2772 utiliter.

117 2879 118 2886 ,
240 2813 332 2883 Ibid.

194 2925 340 3015 exempla
362 2916 474 2990 eorum
502 2921 680 3011 complura.
705 2919 797 2986 [bid.

110 3029 329 3104 Odoramenta
353 3059 423 3123 quae
448 3033 567 3122 quibus
582 3033 674 3122 aegris
699 3029 917 3106 conveniant,
947 3043 1002 3096 eut
1029 3053 1107 3108 non,

151 3147 226 3221 III,
258 3169 308 3210 12.
338 3145 408 3221 IX,
437 3145 468 3209 6.

196 3277 344 3344 quaenam
370 3277 446 3318 eum
472 3273 601 3341 quoque
627 3250 683 3341 qui
711 3247 831 3314 olfactu
852 3247 1005 3326 carebat,
1038 3245 1111 3314 aIIe·

242 3365 371 3439 cerint,
395 3362 467 3438 IX,
500 3387 529 3448 7.

112 3463 268 3550 Oederus,
280 3473 396 3562 Georg.
418 3465 629 3546 Christianus,
642 3467 803 3545 laudatus,
817 3467 878 3545 III,
891 3489 938 3552 17.
950 3464 1107 3542 XIX‚51.

114 3580 279 3661 Ochemc,
301 3583 353 3649 Jo.
374 3582 494 3648 Bened.
516 3580 648 3646 Godofr.
670 3579 839 3653 laudatus,
863 3577 964 3652 XIII,
986 3579 1016 3640 5.
1146 3655 1147 3660 η

115 3688 299 3780 OEsophagi
318 3691 517 3780 cartilaginei
531 3689 608 3754 sacti
625 3689 697 3775 quis
710 3688 833 3776 primus
850 3683 943 3750 facile
958 3683 1111 3750 observa-

156 3812 227 3877 tor,
259 3799 430 3876 XXVIII,
458 3801 506 3864 15.

198 3907 295 3999 hujus
308 3909 376 3976 vitii
391 3930 470 3975 num
482 3927 578 3974 eausa
594 3905 634 3970 sit
646 3916 742 3994 potus
755 3922 844 3991 aquae
857 3899 997 3967 fervidae.
1014 3900 1033 3965 I
1036 3900 1105 3967 bid.

878 4011 933 4073 18*
