2850 4676
385 439 431 483 ur
454 437 580 484 nunus
606 435 869 484 nortnrnruu.
1062 422 1126 508 259

215 567 314 612 osseus
327 558 382 610 aut
396 545 529 634 lapideae
543 545 765 612 concretiones
779 569 796 611 a
811 548 929 634 quibus
947 549 1024 614 olim
1042 551 1126 615 visae.

260 655 353 721 Ibid.
386 658 436 735 24.
860 643 862 648 ’

308 765 453 830 crebrius
473 777 548 830 sunt
572 766 605 830 in
626 764 758 830 senibus
775 787 871 852 quarn
889 766 921 832 in
938 767 1129 854 juvenibus,

355 885 387 938 et
398 885 487 939 extro
503 897 601 961 quom
616 873 702 952 intus
717 921 727 949 ,
745 884 777 938 et
790 874 821 940 in
834 875 930 962 gibba
944 875 1025 942 Iecie
1036 899 1134 964 quem

353 983 386 1050 in
405 985 509 1059 sime,
535 983 626 1048 ltin.
648 997 682 1048 et
704 979 755 1048 16.

305 1093 454 1180 quaedam
471 1091 675 1158 describitur.
694 1091 716 1157 I
719 1091 786 1157 tid.
813 1093 862 1158 rb.

129 1199 229 1275 Lien,
257 1213 343 1267 totus
380 1222 510 1276 osseus,
540 1224 580 1266 an
605 1199 748 1289 lapideus
766 1197 894 1278 factus,
924 1200 1127 1277 describitur.

173 1307 264 1374 leid.
289 1311 328 1390 14
346 1320 378 1374 et
394 1333 483 1397 seqq.

219 1440 289 1505 quse
307 1415 512 1486 incommoda
533 1415 656 1481 bomini
673 1413 813 1482 afferret.
830 1415 922 1481 Ibid.
948 1419 998 1483 15.
1137 1472 1140 1477 .
1195 1483 1199 1492 ,

221 1525 386 1614 quomodo
407 1513 579 1614 aliquando
595 1523 628 1590 id
652 1524 718 1589 fiet.
738 1524 829 1590 Ibid.
855 1527 903 1590 16.
925 1526 1033 1604 LXV,
1061 1552 1112 1595 ιι.

130 1634 288 1703 Lieuterist
312 1634 478 1724 quomodo
501 1635 582 1710 fiat,
606 1616 745 1709 XXXI,
770 1637 814 1713 4,
837 1636 887 1700 15.

131 1745 362 1822 Lieutaudius,
384 1743 422 1810 N.
443 1766 482 1808 ex
498 1742 537 1808 ΙΙ.
558 1741 612 1810 Su.
633 1741 733 1808 dead.
755 1741 852 1814 Poris.
867 1743 1034 1823 laudatus,
1051 1745 1131 1824 LII,

178 1854 231 1918 26.
254 1852 364 1930 LXV,
391 1875 441 1916 11.
536 1835 538 1839 ⁵
1230 1935 1233 1942 Ι

132 1961 330 2051 Ligaurenta.
358 1961 407 2028 Dc
425 1960 475 2026 bis
500 1959 646 2044 doctrina
663 1958 770 2025 adbuc
789 1959 984 2048 perficiendo
1003 2011 1012 2040 ,
1041 1961 1134 2041 LVI,

93 2093 95 2100 ,
180 2075 235 2160 57.
1001 2077 1003 2082 ·

132 2181 264 2272 Linguae
285 2181 455 2248 crassiores
475 2177 600 2267 papiIIae
617 2201 676 2268 pro
694 2178 870 2245 tuberculis
886 2191 1136 2268 praeternatura-
1255 2237 1257 2244 ,

176 2293 262 2363 libus
278 2291 460 2380 achirurgo
476 2301 640 2377 acceptae,
660 2287 684 2353 L
700 2289 773 2367 ,eo

221 2425 296 2491 pars
317 2401 414 2466 incisa
433 2412 465 2464 et
489 2381 654 2487 pendula,
679 2397 767 2464 nullo
790 2397 888 2462 medo
910 2401 1044 2486 loquelae
1068 2401 1139 2468 offi-

269 2512 343 2588 cit,
370 2508 455 2585 LII,
479 2509 531 2586 4ὖ.

229 2618 389 2710 particule
412 2617 646 2693 semiformis,
665 2639 734 2704 queo
751 2615 928 2685 secuudum
943 2631 1090 2686 naturam
1107 2622 1140 2688 in

245 2725 257 2739 ²
271 2730 406 2798 canibus
420 2741 487 2804 est,
503 2726 672 2816 diligenter
685 2726 899 2804 describitur,
917 2727 1018 2806 VIII,
1037 2729 1091 2808 54.

133 2838 383 2928 Lithontriptica
404 2837 465 2902 alia
485 2861 524 2902 ex
543 2835 668 2914 acidis,
694 2835 755 2900 alia
776 2859 815 2900 ex
831 2837 996 2913 albedinis,
1025 2839 1085 2904 elia
1099 2862 1138 2904 cx

92 2985 102 2996 ·
180 2949 352 3036 utrisque,
380 2946 497 3021 XLII,
525 2967 574 3034 tp.
601 2944 680 3010 Vid.
705 2944 803 3010 etiarn
830 2941 945 3011 calculi
974 2959 1007 3010 et
1027 2949 1139 3020 resIcae

182 3056 312 3125 calculi.
438 3129 441 3133 ⁵

135 3167 242 3242 Littrii
255 3165 413 3236 sententie
426 3164 513 3230 circa
526 3163 712 3231 submersos
728 3161 958 3249 perpenditur,
970 3163 1067 3242 XIX,
1079 3168 1133 3247 44.

227 3276 312 3342 cirou
338 3273 525 3362 tympanitis
541 3295 689 3346 causam,
712 3268 914 3348 XXXVIII,
935 3274 975 3338 25
993 3286 1103 3363 etseq.

227 3385 312 3450 circa
337 3383 456 3472 Iipoma
484 3394 708 3448 asteetomate
724 3369 965 3469 separandum,
987 3382 1039 3460 L,
1063 3407 1115 3450 22.

134 3494 220 3562 Livii
248 3493 395 3558 bistorIci
411 3491 542 3580 quidam
568 3491 655 3573 locI,
682 3490 723 3555 ad
741 3489 953 3578 apoplecticas
978 3504 1033 3557 eut
1047 3517 1149 3583 pera-f
1267 3484 1269 3488 ’

147 3588 151 3602 ,
181 3603 296 3692 lyticos
315 3601 499 3668 affectiones
520 3611 719 3700 spectantes,
737 3601 893 3688 expositi,
908 3599 976 3678 III,
999 3624 1048 3683 ¹7·
1070 3602 1139 3681 XI,
1265 3615 1266 3618 ’

185 3736 238 3777 22.

137 3821 263 3888 LIvoris
283 3818 496 3896 cadaverum,
518 3815 663 3901 indorso
687 3816 889 3906 praesertim,
910 3837 1024 3892 cause,
1038 3815 1140 3896 XIX,

181 3931 230 4008 ὅ,
252 3939 290 3994 et'
309 3949 396 4018 seqq·
864 3935 875 3945 '⁴

950 4029 1011 4118 17*
