2828 4678
315 433 362 477 ur
393 431 522 477 nunuu
560 430 818 476 uoraurnrnu.
1003 411 1065 476 285

64 535 350 625 Peripneumoniae
361 535 500 613 lethalis,
509 537 593 604 inter
608 537 780 604 llonaobas
792 539 969 627 praesertim
982 561 1066 628 gras-

110 648 231 723 santis,
249 647 402 723 historia,
422 647 524 725 XXI,
545 649 585 713 26
610 660 642 714 et
666 671 754 738 seqq.

19 781 21 788 ·
66 755 347 844 Peripneumoniae
378 758 500 822 crebrae
525 781 604 846 quas
623 757 815 846 pulmonum
839 769 872 822 et
889 757 994 824 cordis
1010 761 1066 825 lae-

113 865 240 941 siones,
273 877 309 928 ut
337 864 434 953 hujus
459 877 707 954 aneurysmata,
731 868 856 954 possint
885 867 1063 944 iuducere,

113 985 148 1038 et
165 973 351 1060 quomodo,
376 967 477 1051 XXI,
502 975 547 1049 5,
574 975 626 1052 54.

157 1081 285 1158 nathae,
303 1081 362 1148 sub
383 1083 490 1171 speeie
508 1083 584 1148 levis
611 1079 798 1148 catarrhalis
818 1081 995 1148 allectionis
1021 1085 1069 1149 la·

205 1201 332 1267 tentes,
355 1203 387 1256 at
409 1190 709 1278 perniciosissimae,
728 1214 794 1256 nou
817 1215 875 1278 per
894 1191 1007 1258 eadem
1036 1193 1068 1258 in

206 1300 355 1365 omnibus
379 1298 575 1386 signasuam
596 1298 779 1364 insidiosam
803 1297 945 1364 indolem
966 1312 1069 1367 osten·
1163 1380 1165 1384 .

204 1405 295 1472 dunt.
320 1404 411 1472 [tid.
435 1428 473 1470 ro
494 1417 527 1471 et
549 1429 613 1493 seq.
990 1395 992 1400 ⁵

158 1539 270 1582 earum
283 1517 427 1604 exempla
443 1515 607 1604 quaedam,
625 1529 658 1582 et
673 1514 714 1581 de
723 1538 835 1581 earum
852 1515 949 1606 signis
962 1514 1069 1585 adhue
1109 1585 1112 1590 ,

183 1624 390 1713 inquirendis.
415 1623 507 1690 lttd.

70 1734 295 1802 Peritonaeum.
325 1735 357 1797 V
359 1734 405 1797 td.
429 1734 569 1799 Herniae.

70 1843 240 1910 Peritonaei
252 1844 474 1910 membranam
488 1855 653 1908 externam
676 1840 731 1929 qui
753 1863 885 1930 negasse
900 1840 1066 1920 dicantur,

113 1935 176 2020 nee
195 1954 407 2042 negaverint,
430 1952 563 2034 XLlll,
590 1955 620 2017 8.

159 2084 240 2149 num
260 2060 356 2127 saciat
378 2071 572 2150 perpetuum
594 2059 709 2125 tubum
729 2071 761 2124 et
784 2059 926 2124 tunicam
942 2059 1069 2148 ¹ragina-

189 2169 280 2235 'lem.
305 2169 397 2235 Ibid.

157 2302 225 2345 non
240 2277 395 2366 perforari
424 2301 442 2342 a
466 2277 547 2344 vasis
573 2276 796 2366 spermatieis,
826 2275 896 2362 quis
913 2273 989 2342 olim
1013 2275 1069 2341 do-

204 2389 316 2454 cuerit.
343 2385 433 2451 Ibid.

71 2494 238 2563 Peritonaei
252 2495 393 2585 hydrops
406 2519 424 2560 a
441 2493 557 2584 quibus
569 2492 646 2560 olim
659 2505 862 2582 conspectus,
873 2491 1066 2572 XXXVIII,

114 2607 159 2685 46
176 2618 210 2670 et
236 2629 323 2692 seqq.
492 2619 500 2632 ·
887 2609 891 2616 ’

159 2739 179 2780 a
192 2716 311 2802 quibus·
319 2714 470 2801 deinceps
486 2726 520 2779 et
536 2735 654 2779 nomen
671 2762 680 2789 ,
703 2724 737 2778 et
752 2709 997 2778 illustrationem
1010 2735 1067 2781 ac·

209 2826 340 2913 ceperit.
370 2822 461 2889 Ibid.
488 2825 531 2909 49
552 2836 666 2909 etseq.

165 2958 185 2999 a
204 2958 267 3022 quo
284 2935 423 3022 primum
448 2934 572 3021 agnitus
593 2933 626 2996 in
645 2932 781 2997 vivente.
808 2927 898 2993 Ibid.

146 3065 149 3070 ·
163 3067 182 3110 a
205 3044 321 3131 quibus
339 3042 502 3132 superiore
527 3035 635 3107 seculo
651 3059 716 3104 non
732 3039 817 3103 inter
832 3036 965 3104 laminas
988 3037 1071 3125 peri-

209 3154 323 3229 tonaei,
342 3149 398 3216 sed
414 3152 497 3216 inter
512 3149 596 3224 hoo,
612 3145 820 3214 et'museulos
836 3145 1017 3214 abdominis
1031 3145 1072 3212 sit

211 3261 407 3326 observatus.
428 3259 448 3324 I
452 3258 519 3324 bid.

164 3391 235 3457 quae
256 3391 359 3433 causae
378 3367 476 3455 hujus
493 3365 598 3431 morbi
621 3387 690 3430 esse
714 3361 893 3430 videantur.
914 3363 1005 3432 Ittd.
1030 3365 1070 3431 55

213 3489 245 3542 et
264 3500 351 3565 seqq.

166 3608 268 3688 causae
285 3585 326 3649 ob
350 3606 428 3674 quas
451 3581 593 3648 ereditur
608 3581 780 3649 mulierum
794 3580 953 3669 proprius.
976 3579 1068 3645 Ibid.

213 3696 317 3790 etbly

257 3802 326 3869 aliae
345 3801 393 3891 {ad
418 3801 476 3869 has
492 3799 671 3866 necessario
695 3797 901 3889 adjiciuntur.
928 3793 1019 3862 lttd.
1041 3807 1076 3862 et

304 3910 357 3978 55.
