<?xml version="1.0" encoding="UTF-8"?>
<!DOCTYPE html PUBLIC "-//W3C//DTD XHTML 1.0 Transitional//EN"
    "http://www.w3.org/TR/xhtml1/DTD/xhtml1-transitional.dtd">
<html xmlns="http://www.w3.org/1999/xhtml" xml:lang="en" lang="en">
 <head>
  <title>
</title>
<meta http-equiv="Content-Type" content="text/html;charset=utf-8" />
  <meta name='ocr-system' content='tesseract 3.04.00' />
  <meta name='ocr-capabilities' content='ocr_page ocr_carea ocr_par ocr_line ocrx_word'/>
</head>
<body>
  <div class='ocr_page' id='page_1' title='image "./desedibusetcaus04adelgoog_0268.png"; bbox 0 0 2828 4678; ppageno 0'>
   <div class='ocr_carea' id='block_1_1' title="bbox 371 370 1195 442">
    <p class='ocr_par' dir='ltr' id='par_1_1' title="bbox 371 370 1195 442">
     <span class='ocr_line' id='line_1_1' title="bbox 371 370 1195 442; baseline -0.006 -2"><span class='ocrx_word' id='word_1_1' title='bbox 371 395 423 440; x_wconf 74' lang='lat' dir='ltr'><strong>nr</strong></span> <span class='ocrx_word' id='word_1_2' title='bbox 452 395 578 440; x_wconf 73' lang='lat' dir='ltr'><strong>annau</strong></span> <span class='ocrx_word' id='word_1_3' title='bbox 606 392 876 442; x_wconf 71' lang='lat' dir='ltr'><strong>nosternon.</strong></span> <span class='ocrx_word' id='word_1_4' title='bbox 1066 370 1132 440; x_wconf 76' lang='lat'><strong>265</strong></span> <span class='ocrx_word' id='word_1_5' title='bbox 1180 378 1195 428; x_wconf 66' lang='grc' dir='ltr'><strong>ἵ</strong></span> 
     </span>
    </p>
   </div>
   <div class='ocr_carea' id='block_1_2' title="bbox 56 496 1183 1683">
    <p class='ocr_par' dir='ltr' id='par_1_2' title="bbox 117 496 1183 698">
     <span class='ocr_line' id='line_1_2' title="bbox 117 496 1183 580; baseline -0.003 -10"><span class='ocrx_word' id='word_1_6' title='bbox 117 502 354 580; x_wconf 66' lang='lat' dir='ltr'><strong>winebertus,</strong></span> <span class='ocrx_word' id='word_1_7' title='bbox 379 502 433 568; x_wconf 78' lang='lat' dir='ltr'><strong>Io.</strong></span> <span class='ocrx_word' id='word_1_8' title='bbox 464 502 593 579; x_wconf 84' lang='lat' dir='ltr'><strong>David,</strong></span> <span class='ocrx_word' id='word_1_9' title='bbox 616 501 694 568; x_wconf 88' lang='lat' dir='ltr'><strong>olim</strong></span> <span class='ocrx_word' id='word_1_10' title='bbox 715 526 754 568; x_wconf 79' lang='lat' dir='ltr'><strong>ox</strong></span> <span class='ocrx_word' id='word_1_11' title='bbox 782 501 863 568; x_wconf 85' lang='lat' dir='ltr'><strong>Caes.</strong></span> <span class='ocrx_word' id='word_1_12' title='bbox 884 501 924 570; x_wconf 83' lang='lat' dir='ltr'><strong>IV.</strong></span> <span class='ocrx_word' id='word_1_13' title='bbox 946 501 985 570; x_wconf 85' lang='lat' dir='ltr'><strong>C.</strong></span> <span class='ocrx_word' id='word_1_14' title='bbox 1020 496 1124 569; x_wconf 75' lang='lat' dir='ltr'><strong>Acori.</strong></span> <span class='ocrx_word' id='word_1_15' title='bbox 1182 564 1183 568; x_wconf 75' lang='grc'>,</span> 
     </span>
     <span class='ocr_line' id='line_1_3' title="bbox 164 607 1127 698; baseline 0 -20"><span class='ocrx_word' id='word_1_16' title='bbox 164 613 313 678; x_wconf 86' lang='lat' dir='ltr'><strong>laudatus</strong></span> <span class='ocrx_word' id='word_1_17' title='bbox 330 663 340 688; x_wconf 88' lang='lat'><em>‚</em></span> <span class='ocrx_word' id='word_1_18' title='bbox 359 611 438 678; x_wconf 86' lang='lat' dir='ltr'><strong>XVI</strong></span> <span class='ocrx_word' id='word_1_19' title='bbox 454 617 471 686; x_wconf 81' lang='lat'><strong>,&#39;</strong></span> <span class='ocrx_word' id='word_1_20' title='bbox 494 612 548 698; x_wconf 80' lang='lat'><strong>57.</strong></span> <span class='ocrx_word' id='word_1_21' title='bbox 575 609 720 678; x_wconf 86' lang='lat' dir='ltr'>XXXIV</span> <span class='ocrx_word' id='word_1_22' title='bbox 742 663 750 688; x_wconf 89' lang='lat'>,</span> <span class='ocrx_word' id='word_1_23' title='bbox 786 631 837 677; x_wconf 69' lang='grc' dir='ltr'><strong>η.</strong></span> <span class='ocrx_word' id='word_1_24' title='bbox 859 607 1056 690; x_wconf 90' lang='lat' dir='ltr'>XXXVIII,</span> <span class='ocrx_word' id='word_1_25' title='bbox 1071 613 1127 691; x_wconf 89' lang='grc'><strong>64.</strong></span> 
     </span>
    </p>

    <p class='ocr_par' dir='ltr' id='par_1_3' title="bbox 120 717 1126 917">
     <span class='ocr_line' id='line_1_4' title="bbox 120 717 1126 810; baseline -0.003 -22"><span class='ocrx_word' id='word_1_26' title='bbox 120 722 319 810; x_wconf 81' lang='lat' dir='ltr'><strong>Maupertuis</strong></span> <span class='ocrx_word' id='word_1_27' title='bbox 334 721 415 808; x_wconf 79' lang='lat' dir='ltr'><strong>(do)</strong></span> <span class='ocrx_word' id='word_1_28' title='bbox 428 771 439 796; x_wconf 92' lang='lat'>,</span> <span class='ocrx_word' id='word_1_29' title='bbox 453 719 570 786; x_wconf 84' lang='lat' dir='ltr'><strong>Petrus</strong></span> <span class='ocrx_word' id='word_1_30' title='bbox 585 717 742 804; x_wconf 81' lang='lat' dir='ltr'><strong>Ludovio.</strong></span> <span class='ocrx_word' id='word_1_31' title='bbox 757 719 885 810; x_wconf 83' lang='lat' dir='ltr'><strong>pridem</strong></span> <span class='ocrx_word' id='word_1_32' title='bbox 894 719 932 784; x_wconf 83' lang='lat' dir='ltr'><strong>R.</strong></span> <span class='ocrx_word' id='word_1_33' title='bbox 950 720 1003 787; x_wconf 87' lang='lat' dir='ltr'><strong>Sc.</strong></span> <span class='ocrx_word' id='word_1_34' title='bbox 1025 720 1126 786; x_wconf 81' lang='lat' dir='ltr'><strong>Acad.</strong></span> 
     </span>
     <span class='ocr_line' id='line_1_5' title="bbox 157 827 1095 917; baseline -0.001 -21"><span class='ocrx_word' id='word_1_35' title='bbox 157 832 368 896; x_wconf 79' lang='lat' dir='ltr'><strong>&#39;Berolinens</strong></span> <span class='ocrx_word' id='word_1_36' title='bbox 383 840 500 917; x_wconf 81' lang='lat' dir='ltr'><strong>praeses</strong></span> <span class='ocrx_word' id='word_1_37' title='bbox 517 879 526 907; x_wconf 88' lang='lat'>,</span> <span class='ocrx_word' id='word_1_38' title='bbox 548 828 721 904; x_wconf 81' lang='lat' dir='ltr'><strong>laudatus,</strong></span> <span class='ocrx_word' id='word_1_39' title='bbox 748 827 850 905; x_wconf 86' lang='lat' dir='ltr'>LIX,</span> <span class='ocrx_word' id='word_1_40' title='bbox 869 831 929 907; x_wconf 78' lang='lat'><strong>25,</strong></span> <span class='ocrx_word' id='word_1_41' title='bbox 953 833 1014 906; x_wconf 78' lang='lat'><strong>28,</strong></span> <span class='ocrx_word' id='word_1_42' title='bbox 1040 833 1095 911; x_wconf 81' lang='grc' dir='ltr'><strong>4ι.</strong></span> 
     </span>
    </p>

    <p class='ocr_par' dir='ltr' id='par_1_4' title="bbox 56 937 1156 1124">
     <span class='ocr_line' id='line_1_6' title="bbox 56 937 1133 1028; baseline -0.002 -22"><span class='ocrx_word' id='word_1_43' title='bbox 56 987 58 992; x_wconf 68' lang='lat'>,</span> <span class='ocrx_word' id='word_1_44' title='bbox 122 939 271 1014; x_wconf 78' lang='lat' dir='ltr'><strong>Maurer,</strong></span> <span class='ocrx_word' id='word_1_45' title='bbox 292 938 343 1004; x_wconf 81' lang='lat' dir='ltr'><strong>Io.</strong></span> <span class='ocrx_word' id='word_1_46' title='bbox 365 937 485 1028; x_wconf 76' lang='lat' dir='ltr'><strong>Georg.</strong></span> <span class='ocrx_word' id='word_1_47' title='bbox 502 937 617 1004; x_wconf 84' lang='lat' dir='ltr'><strong>Medio.</strong></span> <span class='ocrx_word' id='word_1_48' title='bbox 638 937 749 1015; x_wconf 86' lang='lat' dir='ltr'><strong>Prino,</strong></span> <span class='ocrx_word' id='word_1_49' title='bbox 772 937 943 1006; x_wconf 86' lang='lat' dir='ltr'><strong>Furstenb.</strong></span> <span class='ocrx_word' id='word_1_50' title='bbox 962 937 1133 1017; x_wconf 82' lang='lat' dir='ltr'><strong>laudatus,</strong></span> 
     </span>
     <span class='ocr_line' id='line_1_7' title="bbox 170 1027 1156 1124; baseline -0.003 -10"><span class='ocrx_word' id='word_1_51' title='bbox 170 1047 342 1124; x_wconf 82' lang='lat' dir='ltr'><strong>xxxvr,</strong></span> <span class='ocrx_word' id='word_1_52' title='bbox 366 1049 420 1113; x_wconf 81' lang='lat'><strong>55.</strong></span> <span class='ocrx_word' id='word_1_53' title='bbox 1155 1027 1156 1034; x_wconf 70' lang='lat'>‘</span> 
     </span>
    </p>

    <p class='ocr_par' dir='ltr' id='par_1_5' title="bbox 123 1151 1132 1342">
     <span class='ocr_line' id='line_1_8' title="bbox 123 1151 1132 1232; baseline 0.002 -10"><span class='ocrx_word' id='word_1_54' title='bbox 123 1156 336 1232; x_wconf 82' lang='lat' dir='ltr'><strong>Mauroceni,</strong></span> <span class='ocrx_word' id='word_1_55' title='bbox 362 1156 462 1222; x_wconf 79' lang='lat' dir='ltr'><strong>Andr.</strong></span> <span class='ocrx_word' id='word_1_56' title='bbox 486 1154 651 1221; x_wconf 78' lang='lat' dir='ltr'><strong>Senatorio</strong></span> <span class='ocrx_word' id='word_1_57' title='bbox 670 1155 747 1220; x_wconf 90' lang='lat' dir='ltr'><strong>olim</strong></span> <span class='ocrx_word' id='word_1_58' title='bbox 767 1168 801 1222; x_wconf 90' lang='lat' dir='ltr'><strong>et</strong></span> <span class='ocrx_word' id='word_1_59' title='bbox 819 1153 895 1223; x_wconf 84' lang='lat' dir='ltr'><strong>hist.</strong></span> <span class='ocrx_word' id='word_1_60' title='bbox 910 1151 1023 1223; x_wconf 69' lang='lat' dir='ltr'><strong>Venet&#39;.</strong></span> <span class='ocrx_word' id='word_1_61' title='bbox 1046 1180 1132 1224; x_wconf 88' lang='lat' dir='ltr'><strong>mor·</strong></span> 
     </span>
     <span class='ocr_line' id='line_1_9' title="bbox 167 1263 756 1342; baseline -0.003 -11"><span class='ocrx_word' id='word_1_62' title='bbox 167 1267 230 1332; x_wconf 84' lang='lat' dir='ltr'><strong>hus</strong></span> <span class='ocrx_word' id='word_1_63' title='bbox 249 1278 282 1332; x_wconf 88' lang='lat' dir='ltr'><strong>et</strong></span> <span class='ocrx_word' id='word_1_64' title='bbox 308 1265 458 1332; x_wconf 83' lang='lat' dir='ltr'><strong>dissectio</strong></span> <span class='ocrx_word' id='word_1_65' title='bbox 477 1315 485 1340; x_wconf 93' lang='lat'>,</span> <span class='ocrx_word' id='word_1_66' title='bbox 505 1263 677 1342; x_wconf 86' lang='lat' dir='ltr'>XXXVI,</span> <span class='ocrx_word' id='word_1_67' title='bbox 701 1263 756 1330; x_wconf 80' lang='lat'><strong>55.</strong></span> 
     </span>
    </p>

    <p class='ocr_par' dir='ltr' id='par_1_6' title="bbox 123 1369 1135 1573">
     <span class='ocr_line' id='line_1_10' title="bbox 123 1369 1135 1464; baseline -0.001 -22"><span class='ocrx_word' id='word_1_68' title='bbox 123 1374 312 1443; x_wconf 83' lang='lat' dir='ltr'><strong>Maurooeni</strong></span> <span class='ocrx_word' id='word_1_69' title='bbox 330 1375 551 1452; x_wconf 83' lang='lat' dir='ltr'><strong>,Fortunati,</strong></span> <span class='ocrx_word' id='word_1_70' title='bbox 575 1375 660 1440; x_wconf 84' lang='lat' dir='ltr'><strong>Brix.</strong></span> <span class='ocrx_word' id='word_1_71' title='bbox 684 1369 833 1464; x_wconf 74' lang='lat' dir='ltr'>Episcopi</span> <span class='ocrx_word' id='word_1_72' title='bbox 849 1375 1030 1441; x_wconf 80' lang='lat' dir='ltr'><strong>rarissimus</strong></span> <span class='ocrx_word' id='word_1_73' title='bbox 1048 1398 1135 1442; x_wconf 86' lang='lat' dir='ltr'><strong>mor·</strong></span> 
     </span>
     <span class='ocr_line' id='line_1_11' title="bbox 151 1481 937 1573; baseline 0 -23"><span class='ocrx_word' id='word_1_74' title='bbox 151 1481 230 1551; x_wconf 76' lang='lat' dir='ltr'><strong>&#39;bus</strong></span> <span class='ocrx_word' id='word_1_75' title='bbox 256 1498 289 1552; x_wconf 84' lang='lat' dir='ltr'><strong>et</strong></span> <span class='ocrx_word' id='word_1_76' title='bbox 315 1484 467 1556; x_wconf 79' lang='lat' dir='ltr'><strong>dissectio</strong></span> <span class='ocrx_word' id='word_1_77' title='bbox 489 1482 698 1562; x_wconf 83' lang='lat' dir='ltr'>,·XXXIX,</span> <span class='ocrx_word' id='word_1_78' title='bbox 729 1507 765 1550; x_wconf 77' lang='lat'><strong>21</strong></span> <span class='ocrx_word' id='word_1_79' title='bbox 795 1495 827 1548; x_wconf 86' lang='lat' dir='ltr'><strong>et</strong></span> <span class='ocrx_word' id='word_1_80' title='bbox 848 1509 937 1573; x_wconf 89' lang='lat' dir='ltr'><strong>soqq.</strong></span> 
     </span>
    </p>

    <p class='ocr_par' dir='ltr' id='par_1_7' title="bbox 122 1589 1133 1683">
     <span class='ocr_line' id='line_1_12' title="bbox 122 1589 1133 1683; baseline 0.004 -24"><span class='ocrx_word' id='word_1_81' title='bbox 122 1589 366 1674; x_wconf 79' lang='lat' dir='ltr'><strong>Maurocenus,</strong></span> <span class='ocrx_word' id='word_1_82' title='bbox 399 1593 539 1660; x_wconf 82' lang='lat' dir='ltr'><strong>Michaol</strong></span> <span class='ocrx_word' id='word_1_83' title='bbox 574 1595 709 1682; x_wconf 84' lang='lat' dir='ltr'><strong>Eques,</strong></span> <span class='ocrx_word' id='word_1_84' title='bbox 740 1605 772 1657; x_wconf 85' lang='lat' dir='ltr'><strong>et</strong></span> <span class='ocrx_word' id='word_1_85' title='bbox 798 1593 1012 1683; x_wconf 84' lang='lat' dir='ltr'><strong>amplissimus</strong></span> <span class='ocrx_word' id='word_1_86' title='bbox 1028 1631 1042 1671; x_wconf 48' lang='grc' dir='ltr'><strong>,ι</strong></span> <span class='ocrx_word' id='word_1_87' title='bbox 1055 1593 1133 1664; x_wconf 83' lang='lat' dir='ltr'><strong>dum</strong></span> 
     </span>
    </p>
   </div>
   <div class='ocr_carea' id='block_1_3' title="bbox 146 1700 1221 1780">
    <p class='ocr_par' dir='ltr' id='par_1_8' title="bbox 146 1700 1221 1780">
     <span class='ocr_line' id='line_1_13' title="bbox 146 1700 1221 1780; baseline -0.005 -10"><span class='ocrx_word' id='word_1_88' title='bbox 146 1755 150 1762; x_wconf 80' lang='lat'>,</span> <span class='ocrx_word' id='word_1_89' title='bbox 169 1705 317 1780; x_wconf 81' lang='lat' dir='ltr'><strong>vireret,</strong></span> <span class='ocrx_word' id='word_1_90' title='bbox 341 1717 472 1770; x_wconf 84' lang='lat' dir='ltr'><strong>senator</strong></span> <span class='ocrx_word' id='word_1_91' title='bbox 487 1701 655 1777; x_wconf 86' lang='lat' dir='ltr'><strong>Venetos,</strong></span> <span class='ocrx_word' id='word_1_92' title='bbox 683 1701 832 1768; x_wconf 84' lang='lat' dir='ltr'><strong>laudatus</strong></span> <span class='ocrx_word' id='word_1_93' title='bbox 851 1752 862 1778; x_wconf 87' lang='lat'>,</span> <span class='ocrx_word' id='word_1_94' title='bbox 887 1700 1060 1778; x_wconf 89' lang='lat' dir='ltr'>XXXIX,</span> <span class='ocrx_word' id='word_1_95' title='bbox 1075 1725 1129 1768; x_wconf 78' lang='lat'><strong>21,</strong></span> <span class='ocrx_word' id='word_1_96' title='bbox 1219 1762 1221 1765; x_wconf 79' lang='grc'>,</span> 
     </span>
    </p>
   </div>
   <div class='ocr_carea' id='block_1_4' title="bbox 125 1809 1223 3202">
    <p class='ocr_par' dir='ltr' id='par_1_9' title="bbox 125 1809 1223 3202">
     <span class='ocr_line' id='line_1_14' title="bbox 125 1809 1135 1901; baseline -0.002 -23"><span class='ocrx_word' id='word_1_97' title='bbox 125 1811 255 1878; x_wconf 84' lang='lat' dir='ltr'><strong>Maxilla</strong></span> <span class='ocrx_word' id='word_1_98' title='bbox 274 1813 406 1878; x_wconf 83' lang='lat' dir='ltr'><strong>inferior</strong></span> <span class='ocrx_word' id='word_1_99' title='bbox 424 1814 458 1878; x_wconf 91' lang='lat' dir='ltr'><strong>in</strong></span> <span class='ocrx_word' id='word_1_100' title='bbox 477 1812 593 1900; x_wconf 89' lang='lat' dir='ltr'><strong>quibus</strong></span> <span class='ocrx_word' id='word_1_101' title='bbox 609 1809 736 1877; x_wconf 84' lang='lat' dir='ltr'><strong>Iacilius</strong></span> <span class='ocrx_word' id='word_1_102' title='bbox 749 1812 852 1901; x_wconf 82' lang='lat' dir='ltr'><strong>frangi</strong></span> <span class='ocrx_word' id='word_1_103' title='bbox 866 1833 959 1900; x_wconf 78' lang='lat' dir='ltr'><strong>posse</strong></span> <span class='ocrx_word' id='word_1_104' title='bbox 972 1812 1135 1890; x_wconf 82' lang='lat' dir='ltr'><strong>videatur,</strong></span> 
     </span>
     <span class='ocr_line' id='line_1_15' title="bbox 169 1920 345 1998; baseline -0.023 -8"><span class='ocrx_word' id='word_1_105' title='bbox 169 1920 261 1998; x_wconf 84' lang='lat' dir='ltr'>LVI,</span> <span class='ocrx_word' id='word_1_106' title='bbox 290 1945 345 1987; x_wconf 81' lang='lat'><strong>21.</strong></span> 
     </span>
     <span class='ocr_line' id='line_1_16' title="bbox 216 2026 1135 2120; baseline 0.004 -24"><span class='ocrx_word' id='word_1_107' title='bbox 216 2031 287 2120; x_wconf 83' lang='lat' dir='ltr'><strong>ejus</strong></span> <span class='ocrx_word' id='word_1_108' title='bbox 309 2030 529 2120; x_wconf 76' lang='lat' dir='ltr'><strong>cartilaginem</strong></span> <span class='ocrx_word' id='word_1_109' title='bbox 550 2029 845 2096; x_wconf 81' lang='lat' dir='ltr'><strong>interarticularem</strong></span> <span class='ocrx_word' id='word_1_110' title='bbox 862 2049 902 2096; x_wconf 81' lang='lat' dir='ltr'><strong>ex</strong></span> <span class='ocrx_word' id='word_1_111' title='bbox 925 2026 1053 2098; x_wconf 81' lang='lat' dir='ltr'><strong>duabus</strong></span> <span class='ocrx_word' id='word_1_112' title='bbox 1067 2051 1135 2100; x_wconf 85' lang='lat' dir='ltr'><strong>non</strong></span> 
     </span>
     <span class='ocr_line' id='line_1_17' title="bbox 275 2137 785 2232; baseline -0.004 -27"><span class='ocrx_word' id='word_1_113' title='bbox 275 2152 425 2205; x_wconf 79' lang='lat' dir='ltr'><strong>constare</strong></span> <span class='ocrx_word' id='word_1_114' title='bbox 450 2137 670 2232; x_wconf 82' lang='lat' dir='ltr'><strong>confirmatur.</strong></span> <span class='ocrx_word' id='word_1_115' title='bbox 694 2137 785 2203; x_wconf 75' lang='lat' dir='ltr'><strong>llio.</strong></span> 
     </span>
     <span class='ocr_line' id='line_1_18' title="bbox 127 2245 1133 2337; baseline 0.002 -23"><span class='ocrx_word' id='word_1_116' title='bbox 127 2247 224 2337; x_wconf 83' lang='lat' dir='ltr'><strong>May,</strong></span> <span class='ocrx_word' id='word_1_117' title='bbox 244 2247 319 2314; x_wconf 85' lang='lat' dir='ltr'><strong>Joh.</strong></span> <span class='ocrx_word' id='word_1_118' title='bbox 346 2247 535 2337; x_wconf 84' lang='lat' dir='ltr'><strong>Christoph.</strong></span> <span class='ocrx_word' id='word_1_119' title='bbox 556 2245 725 2323; x_wconf 87' lang='lat' dir='ltr'><strong>laudatus,</strong></span> <span class='ocrx_word' id='word_1_120' title='bbox 744 2247 847 2322; x_wconf 89' lang='lat' dir='ltr'>XIII,</span> <span class='ocrx_word' id='word_1_121' title='bbox 876 2249 925 2313; x_wconf 86' lang='lat'><strong>18.</strong></span> <span class='ocrx_word' id='word_1_122' title='bbox 945 2247 1059 2325; x_wconf 89' lang='lat' dir='ltr'>XLII,</span> <span class='ocrx_word' id='word_1_123' title='bbox 1079 2251 1133 2316; x_wconf 74' lang='lat'><strong>52.</strong></span> 
     </span>
     <span class='ocr_line' id='line_1_19' title="bbox 128 2355 1132 2447; baseline -0.001 -20"><span class='ocrx_word' id='word_1_124' title='bbox 128 2359 263 2447; x_wconf 78' lang='lat' dir='ltr'><strong>Meyer,</strong></span> <span class='ocrx_word' id='word_1_125' title='bbox 276 2359 329 2424; x_wconf 85' lang='lat' dir='ltr'><strong>Io.</strong></span> <span class='ocrx_word' id='word_1_126' title='bbox 354 2357 459 2447; x_wconf 79' lang='lat' dir='ltr'><strong>Ignat.</strong></span> <span class='ocrx_word' id='word_1_127' title='bbox 474 2357 509 2423; x_wconf 87' lang='lat' dir='ltr'><strong>P.</strong></span> <span class='ocrx_word' id='word_1_128' title='bbox 536 2356 622 2422; x_wconf 83' lang='lat' dir='ltr'><strong>Prof.</strong></span> <span class='ocrx_word' id='word_1_129' title='bbox 649 2355 799 2445; x_wconf 77' lang='lat' dir='ltr'><strong>Progens.</strong></span> <span class='ocrx_word' id='word_1_130' title='bbox 819 2355 996 2436; x_wconf 78' lang='lat' dir='ltr'><strong>laudatus,</strong></span> <span class='ocrx_word' id='word_1_131' title='bbox 1015 2357 1132 2435; x_wconf 81' lang='lat' dir='ltr'><strong>XLV,</strong></span> 
     </span>
     <span class='ocr_line' id='line_1_20' title="bbox 180 2491 923 2534; baseline -0.001 -1"><span class='ocrx_word' id='word_1_132' title='bbox 180 2491 233 2534; x_wconf 81' lang='lat'><strong>20.</strong></span> <span class='ocrx_word' id='word_1_133' title='bbox 920 2495 923 2500; x_wconf 95' lang='lat'>·</span> 
     </span>
     <span class='ocr_line' id='line_1_21' title="bbox 128 2571 1135 2653; baseline -0.002 -8"><span class='ocrx_word' id='word_1_134' title='bbox 128 2576 420 2653; x_wconf 75' lang='lat' dir='ltr'><strong>Mazzuoohellius,</strong></span> <span class='ocrx_word' id='word_1_135' title='bbox 436 2575 475 2642; x_wconf 90' lang='lat' dir='ltr'><strong>N.</strong></span> <span class='ocrx_word' id='word_1_136' title='bbox 498 2573 584 2640; x_wconf 82' lang='lat' dir='ltr'><strong>Prof.</strong></span> <span class='ocrx_word' id='word_1_137' title='bbox 602 2571 765 2640; x_wconf 85' lang='lat' dir='ltr'><strong>Tioinens.</strong></span> <span class='ocrx_word' id='word_1_138' title='bbox 785 2574 933 2641; x_wconf 81' lang='lat' dir='ltr'><strong>laudatus</strong></span> <span class='ocrx_word' id='word_1_139' title='bbox 945 2626 954 2652; x_wconf 94' lang='lat'>,</span> <span class='ocrx_word' id='word_1_140' title='bbox 968 2575 1064 2653; x_wconf 92' lang='lat' dir='ltr'>LXI,</span> <span class='ocrx_word' id='word_1_141' title='bbox 1083 2579 1135 2643; x_wconf 75' lang='lat'><strong>15.</strong></span> 
     </span>
     <span class='ocr_line' id='line_1_22' title="bbox 129 2683 1223 2772; baseline -0.005 -15"><span class='ocrx_word' id='word_1_142' title='bbox 129 2688 225 2772; x_wconf 77' lang='lat' dir='ltr'><strong>Ilead</strong></span> <span class='ocrx_word' id='word_1_143' title='bbox 245 2684 425 2766; x_wconf 69' lang='lat' dir='ltr'><strong>,Biclaro</strong></span> <span class='ocrx_word' id='word_1_144' title='bbox 443 2707 483 2750; x_wconf 86' lang='lat' dir='ltr'><strong>ex</strong></span> <span class='ocrx_word' id='word_1_145' title='bbox 495 2683 534 2749; x_wconf 90' lang='lat' dir='ltr'><strong>R.</strong></span> <span class='ocrx_word' id='word_1_146' title='bbox 555 2683 691 2750; x_wconf 90' lang='lat' dir='ltr'><strong>Londin.</strong></span> <span class='ocrx_word' id='word_1_147' title='bbox 713 2684 831 2750; x_wconf 82' lang='lat' dir='ltr'><strong>Societ.</strong></span> <span class='ocrx_word' id='word_1_148' title='bbox 851 2686 1000 2752; x_wconf 84' lang='lat' dir='ltr'><strong>laudatus</strong></span> <span class='ocrx_word' id='word_1_149' title='bbox 1015 2739 1023 2762; x_wconf 92' lang='lat'>,</span> <span class='ocrx_word' id='word_1_150' title='bbox 1038 2685 1140 2764; x_wconf 87' lang='lat' dir='ltr'>VIII,</span> <span class='ocrx_word' id='word_1_151' title='bbox 1208 2683 1223 2695; x_wconf 75' lang='grc'><strong>’“</strong></span> 
     </span>
     <span class='ocr_line' id='line_1_23' title="bbox 178 2779 1195 2886; baseline -0.003 -22"><span class='ocrx_word' id='word_1_152' title='bbox 178 2792 714 2886; x_wconf 72' lang='lat' dir='ltr'><strong>19‚ro,nl.XLII,o8.LI,</strong></span> <span class='ocrx_word' id='word_1_153' title='bbox 743 2793 1139 2882; x_wconf 78' lang='lat' dir='ltr'><strong>ro.LlX,l„q,oo,</strong></span> <span class='ocrx_word' id='word_1_154' title='bbox 1193 2779 1195 2784; x_wconf 35' lang='lat'><strong>¹</strong></span> 
     </span>
     <span class='ocr_line' id='line_1_24' title="bbox 179 2885 1060 2994; baseline -0.01 -22"><span class='ocrx_word' id='word_1_155' title='bbox 179 2909 300 2994; x_wconf 56' lang='lat' dir='ltr'><strong>eosq</strong></span> <span class='ocrx_word' id='word_1_156' title='bbox 327 2917 359 2971; x_wconf 82' lang='lat' dir='ltr'><strong>et</strong></span> <span class='ocrx_word' id='word_1_157' title='bbox 382 2927 495 2992; x_wconf 86' lang='lat' dir='ltr'><strong>seqq..</strong></span> <span class='ocrx_word' id='word_1_158' title='bbox 521 2903 585 2977; x_wconf 75' lang='lat'><strong>55,</strong></span> <span class='ocrx_word' id='word_1_159' title='bbox 613 2903 665 2968; x_wconf 79' lang='lat'><strong>55.</strong></span> <span class='ocrx_word' id='word_1_160' title='bbox 702 2885 704 2890; x_wconf 34' lang='lat'>⁵</span> <span class='ocrx_word' id='word_1_161' title='bbox 1059 2887 1060 2891; x_wconf 26' lang='lat'>¹</span> 
     </span>
     <span class='ocr_line' id='line_1_25' title="bbox 130 3009 1177 3098; baseline -0.008 -14"><span class='ocrx_word' id='word_1_162' title='bbox 130 3017 281 3092; x_wconf 75' lang='lat' dir='ltr'><strong>Menkel,</strong></span> <span class='ocrx_word' id='word_1_163' title='bbox 310 3013 362 3080; x_wconf 84' lang='lat' dir='ltr'><strong>Jo.</strong></span> <span class='ocrx_word' id='word_1_164' title='bbox 381 3013 536 3080; x_wconf 86' lang='lat' dir='ltr'><strong>Friderio.</strong></span> <span class='ocrx_word' id='word_1_165' title='bbox 559 3035 599 3076; x_wconf 86' lang='lat' dir='ltr'><strong>ox</strong></span> <span class='ocrx_word' id='word_1_166' title='bbox 621 3011 700 3098; x_wconf 78' lang='lat' dir='ltr'><strong>Reg.</strong></span> <span class='ocrx_word' id='word_1_167' title='bbox 718 3009 773 3076; x_wconf 86' lang='lat' dir='ltr'><strong>So.</strong></span> <span class='ocrx_word' id='word_1_168' title='bbox 794 3010 894 3077; x_wconf 84' lang='lat' dir='ltr'><strong>Acad.</strong></span> <span class='ocrx_word' id='word_1_169' title='bbox 912 3011 1051 3078; x_wconf 82' lang='lat' dir='ltr'><strong>BeroIIn.</strong></span> <span class='ocrx_word' id='word_1_170' title='bbox 1066 3014 1139 3078; x_wconf 79' lang='lat' dir='ltr'><strong>Iau—</strong></span> <span class='ocrx_word' id='word_1_171' title='bbox 1176 3029 1177 3032; x_wconf 74' lang='grc'>’</span> 
     </span>
     <span class='ocr_line' id='line_1_26' title="bbox 178 3107 1141 3202; baseline -0.001 -11"><span class='ocrx_word' id='word_1_172' title='bbox 178 3127 293 3202; x_wconf 88' lang='lat' dir='ltr'><strong>datus,</strong></span> <span class='ocrx_word' id='word_1_173' title='bbox 306 3125 387 3191; x_wconf 94' lang='lat' dir='ltr'>XIII</span> <span class='ocrx_word' id='word_1_174' title='bbox 401 3124 453 3198; x_wconf 85' lang='lat'><strong>,5.</strong></span> <span class='ocrx_word' id='word_1_175' title='bbox 466 3119 565 3198; x_wconf 94' lang='lat' dir='ltr'>XIV,</span> <span class='ocrx_word' id='word_1_176' title='bbox 578 3125 630 3186; x_wconf 82' lang='lat'><strong>28.</strong></span> <span class='ocrx_word' id='word_1_177' title='bbox 646 3119 779 3196; x_wconf 89' lang='lat' dir='ltr'>XVIII,</span> <span class='ocrx_word' id='word_1_178' title='bbox 796 3122 828 3199; x_wconf 88' lang='grc'><strong>4.</strong></span> <span class='ocrx_word' id='word_1_179' title='bbox 847 3107 923 3184; x_wconf 88' lang='lat' dir='ltr'>LIII</span> <span class='ocrx_word' id='word_1_180' title='bbox 939 3171 950 3197; x_wconf 97' lang='lat'>,</span> <span class='ocrx_word' id='word_1_181' title='bbox 967 3123 999 3187; x_wconf 88' lang='grc'><strong>6.</strong></span> <span class='ocrx_word' id='word_1_182' title='bbox 1011 3121 1141 3202; x_wconf 84' lang='lat' dir='ltr'>LXIV,</span> 
     </span>
    </p>
   </div>
   <div class='ocr_carea' id='block_1_5' title="bbox 777 3202 781 3222">
    <p class='ocr_par' dir='ltr' id='par_1_10' title="bbox 777 3202 781 3222">
     <span class='ocr_line' id='line_1_27' title="bbox 777 3202 781 3222; baseline 0 0"><span class='ocrx_word' id='word_1_183' title='bbox 777 3202 781 3222; x_wconf 89' lang='lat' dir='ltr'><strong>l</strong></span> 
     </span>
    </p>
   </div>
   <div class='ocr_carea' id='block_1_6' title="bbox 178 3223 1082 3318">
    <p class='ocr_par' dir='ltr' id='par_1_11' title="bbox 178 3223 1082 3318">
     <span class='ocr_line' id='line_1_28' title="bbox 178 3223 1082 3318; baseline -0.003 -15"><span class='ocrx_word' id='word_1_184' title='bbox 178 3238 297 3318; x_wconf 77' lang='grc'><strong>4,14.</strong></span> <span class='ocrx_word' id='word_1_185' title='bbox 322 3231 487 3310; x_wconf 88' lang='lat' dir='ltr'>LXVIII,</span> <span class='ocrx_word' id='word_1_186' title='bbox 517 3233 555 3297; x_wconf 68' lang='lat' dir='ltr'><strong>ri</strong></span> <span class='ocrx_word' id='word_1_187' title='bbox 579 3244 612 3296; x_wconf 85' lang='lat' dir='ltr'><strong>et</strong></span> <span class='ocrx_word' id='word_1_188' title='bbox 628 3229 752 3296; x_wconf 75' lang='lat' dir='ltr'><strong>Praefaa.</strong></span> <span class='ocrx_word' id='word_1_189' title='bbox 775 3223 815 3295; x_wconf 70' lang='lat' dir='ltr'><strong>id</strong></span> <span class='ocrx_word' id='word_1_190' title='bbox 833 3229 906 3295; x_wconf 87' lang='lat' dir='ltr'><strong>libr.</strong></span> <span class='ocrx_word' id='word_1_191' title='bbox 930 3231 960 3297; x_wconf 88' lang='lat'><strong>5.</strong></span> <span class='ocrx_word' id='word_1_192' title='bbox 1064 3225 1082 3300; x_wconf 31' lang='lat'><strong>&#39;.</strong></span> 
     </span>
    </p>
   </div>
   <div class='ocr_carea' id='block_1_7' title="bbox 134 3328 1259 3431">
    <p class='ocr_par' dir='ltr' id='par_1_12' title="bbox 134 3328 1259 3431">
     <span class='ocr_line' id='line_1_29' title="bbox 134 3328 1259 3431; baseline -0.012 -15"><span class='ocrx_word' id='word_1_193' title='bbox 134 3346 318 3417; x_wconf 80' lang='lat' dir='ltr'><strong>Mediastini</strong></span> <span class='ocrx_word' id='word_1_194' title='bbox 343 3328 615 3410; x_wconf 74' lang='lat' dir='ltr'><strong>iollamrnotiones</strong></span> <span class='ocrx_word' id='word_1_195' title='bbox 644 3341 699 3428; x_wconf 86' lang='lat' dir='ltr'><strong>qui</strong></span> <span class='ocrx_word' id='word_1_196' title='bbox 724 3339 801 3405; x_wconf 84' lang='lat' dir='ltr'><strong>olIm</strong></span> <span class='ocrx_word' id='word_1_197' title='bbox 821 3337 982 3419; x_wconf 80' lang='lat' dir='ltr'><strong>viderint,</strong></span> <span class='ocrx_word' id='word_1_198' title='bbox 1007 3353 1063 3406; x_wconf 88' lang='lat' dir='ltr'><strong>aut</strong></span> <span class='ocrx_word' id='word_1_199' title='bbox 1081 3364 1144 3431; x_wconf 86' lang='lat' dir='ltr'><strong>per</strong></span> <span class='ocrx_word' id='word_1_200' title='bbox 1251 3371 1259 3383; x_wconf 63' lang='lat'><em>„</em></span> 
     </span>
    </p>
   </div>
   <div class='ocr_carea' id='block_1_8' title="bbox 181 3435 1174 3974">
    <p class='ocr_par' dir='ltr' id='par_1_13' title="bbox 181 3435 1174 3974">
     <span class='ocr_line' id='line_1_30' title="bbox 181 3435 1174 3553; baseline -0.016 -30"><span class='ocrx_word' id='word_1_201' title='bbox 181 3457 270 3546; x_wconf 74' lang='lat' dir='ltr'><strong>signa</strong></span> <span class='ocrx_word' id='word_1_202' title='bbox 289 3451 492 3553; x_wconf 76' lang='lat' dir='ltr'><strong>conjqoerint</strong></span> <span class='ocrx_word' id='word_1_203' title='bbox 510 3502 518 3527; x_wconf 92' lang='lat'>,</span> <span class='ocrx_word' id='word_1_204' title='bbox 538 3435 645 3524; x_wconf 92' lang='lat' dir='ltr'>XXI,</span> <span class='ocrx_word' id='word_1_205' title='bbox 676 3450 730 3528; x_wconf 82' lang='grc'><strong>46.</strong></span> <span class='ocrx_word' id='word_1_206' title='bbox 797 3453 798 3456; x_wconf 72' lang='grc'>’</span> <span class='ocrx_word' id='word_1_207' title='bbox 1170 3536 1174 3544; x_wconf 63' lang='lat'>„</span> 
     </span>
     <span class='ocr_line' id='line_1_31' title="bbox 222 3555 1146 3652; baseline -0.006 -22"><span class='ocrx_word' id='word_1_208' title='bbox 222 3565 256 3630; x_wconf 88' lang='lat' dir='ltr'><strong>in</strong></span> <span class='ocrx_word' id='word_1_209' title='bbox 271 3563 342 3652; x_wconf 87' lang='lat' dir='ltr'><strong>ejus</strong></span> <span class='ocrx_word' id='word_1_210' title='bbox 366 3559 499 3627; x_wconf 83' lang='lat' dir='ltr'><strong>cellulas</strong></span> <span class='ocrx_word' id='word_1_211' title='bbox 515 3555 607 3626; x_wconf 77' lang='lat' dir='ltr'><strong>effusi</strong></span> <span class='ocrx_word' id='word_1_212' title='bbox 624 3559 790 3648; x_wconf 77' lang='lat' dir='ltr'><strong>sanguinis</strong></span> <span class='ocrx_word' id='word_1_213' title='bbox 816 3559 982 3646; x_wconf 82' lang='lat' dir='ltr'><strong>exempla,</strong></span> <span class='ocrx_word' id='word_1_214' title='bbox 1007 3557 1146 3636; x_wconf 80' lang='lat' dir='ltr'>XXVI,</span> 
     </span>
     <span class='ocr_line' id='line_1_32' title="bbox 331 3692 433 3747; baseline 0.039 -15"><span class='ocrx_word' id='word_1_215' title='bbox 331 3719 344 3747; x_wconf 89' lang='lat'>,</span> <span class='ocrx_word' id='word_1_216' title='bbox 403 3692 433 3736; x_wconf 85' lang='lat' dir='ltr'><strong>o.</strong></span> 
     </span>
     <span class='ocr_line' id='line_1_33' title="bbox 229 3673 1145 3864; baseline -0.003 -18"><span class='ocrx_word' id='word_1_217' title='bbox 229 3673 333 3846; x_wconf 56' lang='grc'><strong>66530</strong></span> <span class='ocrx_word' id='word_1_218' title='bbox 358 3673 487 3844; x_wconf 68' lang='lat' dir='ltr'><strong>dilores</strong></span> <span class='ocrx_word' id='word_1_219' title='bbox 517 3798 575 3841; x_wconf 89' lang='lat' dir='ltr'><strong>cur</strong></span> <span class='ocrx_word' id='word_1_220' title='bbox 594 3777 703 3864; x_wconf 86' lang='lat' dir='ltr'><strong>potius</strong></span> <span class='ocrx_word' id='word_1_221' title='bbox 729 3775 771 3840; x_wconf 82' lang='lat' dir='ltr'><strong>ad</strong></span> <span class='ocrx_word' id='word_1_222' title='bbox 793 3787 938 3842; x_wconf 81' lang='lat' dir='ltr'><strong>aternum</strong></span> <span class='ocrx_word' id='word_1_223' title='bbox 958 3825 966 3850; x_wconf 93' lang='lat'>,</span> <span class='ocrx_word' id='word_1_224' title='bbox 990 3797 1087 3862; x_wconf 89' lang='lat' dir='ltr'><strong>quam</strong></span> <span class='ocrx_word' id='word_1_225' title='bbox 1103 3777 1145 3843; x_wconf 85' lang='lat' dir='ltr'><strong>ad</strong></span> 
     </span>
     <span class='ocr_line' id='line_1_34' title="bbox 272 3883 1146 3974; baseline -0.002 -19"><span class='ocrx_word' id='word_1_226' title='bbox 272 3889 465 3963; x_wconf 83' lang='lat' dir='ltr'><strong>vertebras,</strong></span> <span class='ocrx_word' id='word_1_227' title='bbox 489 3907 566 3951; x_wconf 73' lang='lat' dir='ltr'><strong>ouon</strong></span> <span class='ocrx_word' id='word_1_228' title='bbox 588 3883 629 3952; x_wconf 87' lang='lat' dir='ltr'><strong>ad</strong></span> <span class='ocrx_word' id='word_1_229' title='bbox 649 3896 785 3974; x_wconf 81' lang='lat' dir='ltr'><strong>utraque</strong></span> <span class='ocrx_word' id='word_1_230' title='bbox 803 3885 967 3974; x_wconf 78' lang='lat' dir='ltr'><strong>alligatum</strong></span> <span class='ocrx_word' id='word_1_231' title='bbox 983 3885 1042 3962; x_wconf 83' lang='lat' dir='ltr'><strong>sit,</strong></span> <span class='ocrx_word' id='word_1_232' title='bbox 1057 3884 1146 3964; x_wconf 86' lang='lat' dir='ltr'><strong>XX,</strong></span> 
     </span>
    </p>
   </div>
   <div class='ocr_carea' id='block_1_9' title="bbox 280 3995 531 4076">
    <p class='ocr_par' dir='ltr' id='par_1_14' title="bbox 280 3995 531 4076">
     <span class='ocr_line' id='line_1_35' title="bbox 280 3995 531 4076; baseline -0.024 -9"><span class='ocrx_word' id='word_1_233' title='bbox 280 4021 330 4067; x_wconf 63' lang='grc' dir='ltr'><strong>ια.</strong></span> <span class='ocrx_word' id='word_1_234' title='bbox 348 3997 452 4076; x_wconf 91' lang='lat' dir='ltr'>XXI,</span> <span class='ocrx_word' id='word_1_235' title='bbox 474 3995 531 4076; x_wconf 89' lang='grc'><strong>46.</strong></span> 
     </span>
    </p>
   </div>
   <div class='ocr_carea' id='block_1_10' title="bbox 0 0 1437 4678">
    <p class='ocr_par' dir='ltr' id='par_1_15' title="bbox 0 0 1437 4678">
     <span class='ocr_line' id='line_1_36' title="bbox 0 0 1437 4678; baseline 0 0"><span class='ocrx_word' id='word_1_236' title='bbox 0 0 1437 4678; x_wconf 95' lang='lat' dir='ltr'><strong> </strong></span> 
     </span>
    </p>
   </div>
  </div>
 </body>
</html>
