2850 4676
301 481 505 529 urrunnu
536 479 804 528 norsnmrou.
863 545 866 554 Ι
1017 469 1077 550 ¹7⁵

210 591 286 681 {egri
297 590 461 656 interdurn
478 591 601 678 possint
621 589 662 655 ad
677 591 774 658 horas
792 615 862 660 esse
874 596 1078 683 superstites,

211 700 331 776 XVII,
354 701 403 765 16.
431 699 572 776 XXVI,
596 702 648 779 nd.

165 821 347 877 extrorsum
365 807 501 896 disrupti
518 831 631 884 casus,
652 807 784 885 XXVI,
802 833 834 897 9.
854 809 934 887 XL,
957 813 1007 876 26.
1063 865 1064 870 ,

166 916 327 1006 ejusmodi
345 941 422 983 casu
443 919 631 982 imminente
643 921 654 994 ,¹
670 917 747 1005 quid
771 918 973 997 cavendum,
998 919 1076 1008 quid

167 1026 469 1116 praecogitandum,
493 1025 631 1103 XXVI,
661 1016 710 1091 io.

71 1135 186 1204 Aortae
195 1148 429 1225 anenrysmata.
451 1133 500 1200 Id
515 1133 631 1200 horum
645 1135 868 1224 incipientium
881 1137 1081 1205 curationem

122 1245 317 1322 attinentia,
336 1243 432 1312 XVII
452 1263 468 1319 ‚·
485 1245 537 1309 50.

168 1353 266 1443 hujus
286 1365 425 1443 peractae
445 1351 695 1418 observationes.
719 1350 814 1416 ltnt

73 1461 186 1530 Aortae
208 1465 253 1529 sio
279 1475 455 1551 persanatae
473 1463 651 1527 anatomica
676 1462 867 1528 observatio.
896 1457 1004 1530 ltin(

170 1573 212 1639 ad
231 1595 342 1639 eornm
361 1573 429 1661 jam
447 1572 608 1638 factorum
631 1572 839 1639 retardandos
864 1599 1079 1664 progressus,

169 1683 288 1748 utilitas
315 1681 505 1748 missionum
535 1679 722 1770 sanguinis,
756 1693 789 1748 et
816 1685 1023 1782 parcimoniae
1047 1687 1081 1752 in

169 1791 354 1866 alimentis,
386 1789 503 1867 XVII,
524 1793 577 1856 51.
644 1833 647 1844 ι

169 1900 299 1989 quando
321 1893 426 1968 inedia'
447 1913 480 1966 et
496 1923 584 1968 venae
603 1900 761 1968 sectiones
782 1924 925 1978 nocere;
951 1904 1017 1970 imo
1033 1905 1085 1972 has

133 2057 141 2064 ,
216 2033 310 2098 posse
324 2009 472 2076 occidere
484 2011 663 2076 videantur.
686 2008 706 2074 I
710 2009 777 2075 tid.
794 2023 828 2077 et
842 2011 954 2080 XVIII
971 2064 980 2088 ,
1007 2001 1056 2100 ιγ’.

172 2119 244 2186 duae
262 2121 295 2186 in
311 2119 395 2187 hanc
411 2143 480 2186 rem
500 2119 737 2185 observationes
754 2171 762 2196 ,
782 2119 895 2197 XVII,
915 2123 952 2187 51
972 2171 980 2200 ‚
999 2123 1053 2188 ba.

172 2253 243 2318 qnae
276 2229 419 2295 remedia
444 2227 618 2318 Malpighio
645 2229 680 2294 in
709 2229 758 2294 his
782 2230 904 2296 morbis
935 2245 1082 2322 suspecta

218 2352 347 2416 essent,
376 2337 510 2413 XVIII,
537 2362 586 2425 ¹7·

174 2461 332 2538 quantum
353 2461 493 2514 noceant
523 2459 685 2526 conatus,
704 2445 845 2525 XXVI,
868 2451 907 2528 5,
933 2453 964 2530 4.

80 2557 233 2648 Apbonia
255 2557 324 2616 Κατ’
340 2555 433 2643 “tropi
456 2557 553 2625 dicta.
585 2558 633 2623 De
657 2581 694 2623 ea
718 2558 888 2646 quaedam,
918 2559 1017 2640 XIV,
1043 2564 1085 2644 54

127 2680 162 2734 et
177 2691 265 2756 seqq.

173 2763 218 2841 de
242 2775 357 2842 eadem
381 2799 421 2843 ex
447 2776 613 2843 ebrietate.
641 2773 732 2842 [bid.
755 2787 788 2841 et
806 2774 933 2855 LXIII,
956 2779 1023 2859 15,
1051 2791 1085 2848 et
1133 2814 1139 2824 1

220 2909 308 2974 seqq.

84 2997 235 3089 Apbonia
252 2995 398 3084 quaedam
411 2991 497 3061 unde
515 2993 727 3084 probabiliter
742 2993 864 3073 suerit,
878 3007 910 3062 et
924 2999 1086 3086 quomode

131 3117 270 3184 curata,
298 3104 369 3184 IV,
398 3108 448 3171 15.

177 3230 211 3282 et
231 3217 290 3282 alia
313 3239 442 3304 quoque
461 3215 581 3292 levior,
598 3214 773 3303 frequens,
795 3212 895 3292 XIV,
920 3215 973 3301 57.

248 3323 334 3389 Vid.
362 3324 458 3390 etiam
475 3323 582 3391 Vocis.

87 3435 276 3526 Aponenses
298 3433 338 3498 ad
363 3433 505 3498 thermas
524 3453 681 3520 aegrorum
695 3455 872 3499 concursus
890 3458 947 3500 cur
959 3438 1089 3516 minor,

132 3566 231 3634 quam
248 3544 349 3619 olim,
368 3537 473 3608 LVIII
489 3591 498 3617 ,
525 3535 573 3606 18.

88 3652 266 3744 ApopIexia
286 3674 326 3716 an
349 3650 483 3718 morbus
508 3648 586 3714 olim
614 3669 705 3737 rarus
732 3649 857 3728 fuerit,
887 3650 938 3730 II,
962 3676 973 3716 1
993 3703 1002 3730 ,
1022 3675 1038 3719 u
1061 3667 1094 3722 et

133 3785 224 3851 seqq.
246 3774 279 3826 et
301 3763 332 3826 8.

180 3869 296 3959 quibus
322 3869 419 3959 signis
443 3866 708 3956 praenuncietur,
735 3865 765 3933 II
781 3919 804 3944 ,¹
822 3891 870 3932 ro.

181 4001 261 4048 num
280 3999 442 4066 sempera
467 3976 678 4064 respiratione
697 3977 776 4043 varii
800 3977 868 4066 sint
884 3976 954 4073 ejus
979 3979 1094 4070 gradus
1166 4049 1167 4054 ,

229 4087 422 4190 repetendi,
445 4085 502 4164 II,
537 4086 586 4164 td.
