2828 4678
303 388 368 456 ³56
630 411 751 456 rnnnx
787 414 966 458 nournuu

478 519 642 610 quomodo
659 522 783 609 possint
801 521 853 587 itta
869 523 958 590 ubire
973 535 1006 590 et
1030 525 1146 594 redire.
1164 527 1260 598 Itid.

272 619 275 626 ⁴
389 630 504 699 calculi
524 629 653 719 quando
676 632 789 696 mictui
814 657 878 698 nnn
897 633 1074 724 obstarent.
1093 637 1186 706 Idid.

389 739 504 808 calculi
523 739 744 808 annulisnrmis
763 743 969 822 observatio,
987 745 1076 814 etde
1094 750 1166 838 ejus
1183 753 1309 841 origine

431 850 630 937 conjectura.
656 837 753 914 Ibid.¹

260 1000 262 1004 .
386 962 529 1027 calculus
547 957 710 1048 quomodo
730 983 748 1026 a
770 959 942 1029 lithotomo
959 965 1063 1031 mode
1078 969 1307 1056 percipiatur,

430 1067 528 1136 modo
549 1091 625 1134 non.
648 1068 741 1134 Ibid.

387 1181 500 1247 calculi
519 1180 551 1244 in
569 1202 648 1244 eane
665 1201 740 1244 cum
758 1179 855 1270 signis
870 1179 1034 1272 descripti.
1060 1181 1152 1250 lbtd.
1183 1209 1236 1273 ¹7·

351 1350 353 1356 s
474 1289 506 1356 iu
525 1311 621 1354 recca
646 1288 769 1355 inventi
788 1288 898 1355 colore
922 1313 1027 1358 aenen.
1049 1291 1142 1359 Jnnt.

296 1399 418 1468 Vesicae
431 1399 546 1466 cslculi
558 1398 683 1499 'circum
700 1421 777 1464 acus
789 1399 888 1488 geniti
903 1447 912 1476 .
934 1401 1094 1468 observati
1109 1449 1119 1482 ‚
1133 1393 1248 1483 XL11,
1267 1429 1306 1494 ¹9

299 1563 302 1570 .
339 1522 372 1577 et
387 1532 475 1598 seqq.
496 1509 566 1596 us'q.
589 1507 630 1572 ad
653 1509 707 1573 50.

383 1641 460 1686 acus
482 1615 651 1706 deglutitus
672 1639 736 1682 non
758 1637 853 1705 posse
875 1641 936 1707 per
957 1621 1052 1686 elium
1076 1622 1184 1698 viem,
1206 1646 1304 1711 quam
1404 1609 1405 1686 ?

429 1725 572 1794 intestini
599 1723 736 1813 alicujus
753 1725 866 1791 vesicae
888 1729 1046 1815 proximi,
1069 1730 1100 1794 iu
1125 1729 1212 1796 hanc
1228 1755 1303 1820 per·

427 1837 536 1902 venire
553 1884 561 1909 ,
586 1833 657 1922 quis
673 1835 750 1900 olim
767 1834 947 1902 docuerint.
968 1836 987 1902 1
991 1835 1059 1902 bid.
1086 1861 1138 1925 n7.

465 1942 602 2032 ¹qunndn
628 1942 699 2009 haee
716 1943 764 2010 ria
787 1946 888 2033 possit
909 1958 1047 2012 autnon
1066 1950 1301 2040 possit'eppro-

514 2053 596 2121 beri.
624 2051 713 2118 ibid.
735 2065 768 2118 et
788 2076 840 2141 29.

383 2187 459 2232 rcus
475 2160 604 2228 crinalis
618 2163 720 2250 longae
742 2173 776 2226 et
793 2163 980 2229 rectissime
1002 2185 1061 2252 per
1083 2165 1210 2232 virilem
1228 2192 1302 2234 ure·

427 2273 534 2340 thrnm
551 2271 734 2362 inresieem
752 2271 908 2338 traductus
921 2271 1113 2340 observatio.
1133 2275 1227 2342 ibid.
1245 2280 1297 2343 28.

470 2381 606 2448 aliarum
622 2403 759 2458 aeuum,
779 2392 834 2446 aut
849 2405 958 2448 rerum
973 2405 1031 2471 per
1050 2385 1222 2464 eamdem,
1243 2401 1301 2454 eut
1403 2411 1404 2434 ¹

516 2489 594 2558 nlius
615 2490 681 2556 rins
707 2489 741 2556 in
760 2491 899 2558 merium
924 2493 1063 2558 vesicam
1087 2495 1302 2582 trajectarum
1403 2499 1404 2578 i

514 2599 671 2688 exempla.
688 2597 710 2666 1
713 2597 781 2664 nid.
804 2621 856 2688 29«.

316 2787 318 2792 ¹
381 2735 481 2800 quare
503 2709 667 2776 istae'acus
692 2709 918 2776 amulieribus
937 2711 969 2776 in
989 2707 1155 2778 urethrrm
1174 2717 1302 2803 potissi·
1342 2721 1346 2730 '

424 2843 514 2889 mum
530 2819 758 2898 intruduntur,
775 2829 808 2886 ct
820 2842 882 2908 qua
896 2841 993 2886 eausa
1009 2822 1043 2886 in
1056 2820 1197 2888 vesicam
1215 2825 1300 2891 abri-

421 2927 756 3020 piantur.lbid.21.
862 2977 864 2984 .
1213 2926 1216 2932 ’

377 3065 477 3130 quare
496 3037 657 3106 nonnulle
680 3061 738 3127 per
760 3061 794 3104 se
810 3061 829 3104 e
843 3038 947 3106 resine
969 3039 1130 3106 excident.
1151 3039 1246 3108 [bid.

379 3174 439 3218 cur
461 3145 624 3224 nonnullis
639 3145 739 3221 nihils
769 3145 994 3237 plerarumque
1015 3146 1081 3215 non
1105 3153 1196 3216 omni
1212 3153 1298 3240 parti

422 3257 566 3326 calculus
590 3271 763 3324 accrescat.
795 3255 884 3328 Ibid.

374 3375 449 3461 'quse
462 3392 557 3447 neum
570 3380 603 3433 et
618 3365 779 3434 calculum
792 3367 976 3432 diutissime
990 3367 1122 3457 gesserit
1137 3391 1179 3434 ex
1194 3371 1296 3438 omni·

422 3481 484 3547 hus
499 3500 569 3565 quae
591 3489 724 3543 servatae
745 3487 829 3542 sunt.
857 3475 948 3541 Ibid.
1402 3557 1403 3574 χ

467 3589 553 3656 cirea
569 3586 658 3654 hunc
673 3586 833 3652 Molinetti
855 3609 967 3652 cusum
984 3587 1053 3655 alie
1070 3587 1208 3654 aliorum
1222 3586 1293 3653 hal-
1402 3575 1403 3618 ³

480 3695 733 3773 .lucineti0nes.
760 3695 852 3760 lent.
921 3761 923 3766 ,
1016 3707 1018 3714 “

283 3839 289 3853 ’
379 3828 496 3874 acuum
511 3817 586 3871 ante
601 3805 755 3874 adnutum
769 3806 930 3870 caleulum
947 3802 1085 3872 feliciter
1099 3803 1287 3874 educturum

401 3918 564 4004 ,exempla
588 3913 746 4006 quedam.
772 3913 880 3994 ltid,
911 3936 977 3996 su,
999 3916 1052 3990 26,
