2822 4680
195 3755 221 3794 ἱ

344 401 388 490 94
561 477 564 484 ,
669 421 810 477 ,ιιοιι
841 423 1006 472 ιιιοιοιι

524 551 600 596 cum
608 551 697 596 ossea
705 527 835 607 duritie,
847 542 879 596 et
887 527 1164 612 maculisalbidis,
1176 531 1285 610 XLII,
1300 533 1354 614 54.

522 660 598 702 cum
618 638 716 703 osseis
732 637 988 717 inchoamentis,
1007 639 1137 719 LXIV,
1161 669 1191 730 7.

524 769 599 812 cum
616 747 869 836 sanguinolentis
886 750 1111 828 erasionibus,
1134 750 1277 828 LXVll,
1303 753 1353 830 ι4.

344 857 448 926 Iliacae
474 877 563 922 venae
582 857 765 946 sanguineae
780 858 958 948 plurimum
975 858 1146 938 distentae,
1164 859 1266 938 Vlll,
1299 884 1353 946 27.

250 1063 254 1068 1
318 995 329 1010 ⁴
432 967 656 1055 corrogatione
678 965 819 1054 quadam
836 965 980 1046 allectae,
1006 968 1092 1046 XL,
1121 972 1175 1038 οὗ.

388 1078 505 1142 Earum
519 1099 583 1141 una
593 1075 693 1166 duplo
707 1099 807 1164 quam
819 1079 940 1155 altera,
961 1080 1108 1169 longior,
1126 1079 1281 1155 XLVIII,
1295 1079 1350 1158 54.

453 1210 516 1251 una
540 1187 653 1258 latiora
675 1187 773 1250 altera
791 1187 971 1274 parietibus
987 1190 1071 1254 inter
1091 1213 1125 1256 so
1138 1190 1361 1256 οοοΙοεοοιιῑίἰ

497 1295 559 1358 bus
585 1305 772 1372 contracta,
793 1306 826 1360 et
846 1317 1023 1386 perparva
1046 1293 1164 1364 osculd
1176 1298 1209 1362 in
1236 1319 1354 1362 cavam

498 1401 665 1477 inllueus,
694 1401 790 1479 LVI,
820 1425 871 1468 ιο.

387 1516 507 1580 Earum
527 1511 666 1578 exterior
686 1510 799 1577 durior
815 1512 857 1576 ob
869 1513 1043 1580 crassiores
1052 1515 1177 1580 tunicas
1189 1564 1198 1591 ,
1210 1527 1242 1580 et
1255 1537 1353 1603 quas-

451 1623 527 1689 dam
546 1622 631 1688 intus
652 1619 824 1688 chordulas
841 1622 1050 1710 „xxxva
1074 1625 1138 1690 ad.-

342 1734 437 1803 llium
450 1732 569 1798 ossium
586 1753 662 1798 cum
675 1751 766 1798 sacro
784 1731 946 1819 juncturae
961 1730 1093 1812 laxatae,
1114 1732 1274 1809 XLVIII,
1293 1735 1348 1812 44.

429 1843 560 1910 alterius
575 1863 687 1930 margo
702 1840 854 1908 minutim
868 1840 1069 1930 perfractus,
1088 1841 1182 1920 LIV,
1201 1846 1243 1922 4,
1270 1859 1325 1908 aa.

298 1983 301 1995 ¹
430 1957 566 2020 alterum
595 1974 613 2016 a
642 1950 726 2015 Iacie
750 1950 877 2016 interna
903 1953 1085 2040 aperientes
1106 1951 1245 2018 musculi
1270 1975 1347 2042 gan-

497 2060 653 2152 graenosi,
675 2057 847 2136 XXXIV,
881 2061 933 2126 25.

341 2171 581 2241 Innominatum
589 2192 624 2234 os
637 2166 774 2234 alterum
782 2169 919 2257 amplius
931 2181 965 2236 et
979 2170 1116 2236 crassius
1126 2220 1135 2246 ,
1145 2167 1275 2246 LXIX,
1296 2191 1343 2235 ιο.

430 2294 612 2347 antrorsum
635 2280 736 2370 magis
760 2279 970 2368 prominens,
991 2277 1089 2356 LVI,
1115 2302 1165 2349 ιο.
1199 2351 1202 2358 Α

428 2394 513 2457 inter
527 2389 650 2477 ipsum,
661 2401 694 2453 et
704 2389 916 2476 peritonaeum
929 2411 1000 2477 pus,
1019 2390 1051 2454 V
1052 2389 1100 2454 id.
1117 2389 1343 2456 Peritonaeum.

429 2498 597 2566 acetabulo
613 2496 838 2586 profundiori,
864 2499 957 2587 cujus
972 2498 1163 2587 superficias
1190 2512 1260 2566 erat
1280 2498 1346 2566 cari

473 2609 598 2684 conici,
613 2619 646 2673 et
662 2606 823 2674 orificium
842 2608 1000 2697 amplius,
1031 2606 1164 2685 LXIX,
1184 2632 1235 2674 ιο.

428 2719 596 2787 acetabulo
620 2718 865 2806 sanguinolento
884 2770 893 2796 ,
915 2718 1025 2794 LVII,
1052 2740 1082 2784 a.
1128 2709 1132 2715 ¹

427 2827 596 2899 acetabulo
613 2849 688 2896 cum
703 2828 875 2916 supercilio
897 2852 989 2895 osseo
1003 2880 1012 2904 ,
1028 2825 1167 2920 LXIX,
1192 2851 1241 2892 ιο.

472 2962 547 3006 cum
557 2938 750 3027 supercilio,
769 2938 849 3004 duas
865 2963 972 3006 osseas
987 2937 1123 3006 laminas
1136 2936 1341 3012 includente,

515 3047 631 3124 LVII,
661 3070 691 3114 a.

427 3159 586 3228 acetabuli
609 3155 798 3246 cartilagine
816 3157 870 3224 hic
884 3158 949 3224 illic
966 3181 1058 3224 exesa
1071 3206 1084 3233 ,
1105 3155 1202 3232 LVI,
1224 3179 1273 3221 10.

471 3271 583 3344 lusca,
604 3256 729 3342 lurida,
749 3279 783 3334 ct
806 3266 861 3333 hic
876 3265 943 3334 illic
963 3267 1123 3341 rubente,
1143 3265 1271 3343 LXIX,
1290 3289 1338 3330 ιο.
1394 3307 1395 3366 t

294 3445 299 3456 ,
427 3376 596 3446 acetabulo
622 3376 761 3443 naturali
783 3376 979 3452 imminuto,
998 3375 1101 3450 altero
1112 3387 1221 3440 nutem
1236 3399 1338 3450 novo,

471 3486 568 3562 LVI,
601 3509 665 3561 ιο,
695 3487 744 3564 ι’4.

426 3597 555 3664 alterius
573 3595 804 3683 mucilaginosa
824 3591 975 3682 glandula
995 3644 1004 3670 ,
1026 3605 1060 3662 ct
1079 3593 1171 3660 lovea
1192 3615 1252 3681 pro
1279 3591 1340 3657 hac
1393 3609 1394 3631 ¹

470 3706 716 3782 deficientibus,
742 3703 872 3778 LXIX,
907 3727 956 3769 ιο.

424 3815 584 3882 acetabuli
604 3812 834 3902 mucilaginosa
846 3808 997 3900 glandula
1014 3809 1138 3902 major,
1164 3809 1249 3874 ibid.

336 3923 518 4017 Inguinales
546 3919 705 4011 glandula
732 3933 848 4006 praeter
879 3931 1028 3988 naturam
1046 3967 1060 3995 ,
1090 3930 1146 3984 aut
1166 3918 1335 3985 crassiores

380 4038 490 4110 lactu,
513 4029 619 4108 XXI,
649 4053 702 4118 ¹9·
724 4027 893 4106 XXXIV,
921 4032 971 4100 ιδ.
