2850 4676
304 412 364 489 aaa
633 429 751 476 ranan
786 427 960 474 uonrnuu

235 531 246 547 ¹
298 539 405 608 Bilarii
423 535 549 604 calculi.
569 539 600 600 V
603 538 651 604 id,
674 539 790 626 Hepat.
810 537 945 605 Calculi.
971 535 1003 600 V
1005 536 1055 602 id.
1081 534 1214 625 Cyctici.
1230 535 1308 624 qui-

341 649 403 713 bus
419 647 697 736 praecedeutibus,
717 645 938 738 dejiciantur,
955 645 1117 712 XXXVII
1133 648 1194 725 ,lu
1213 697 1223 722 ,
1241 649 1305 726 42,

345 757 413 836 46,
442 759 495 842 47·

389 865 501 939 dolor,
520 877 598 930 tunc
616 884 698 952 saepe
712 863 901 930 umbilicum
918 885 1028 930 versus
1040 875 1203 941 extensus,
1216 885 1306 950 quc-

435 973 532 1038 modo
553 971 785 1061 explicandus,
811 971 997 1048 XXXVII,
1014 975 1069 1050 Aa.

391 1102 502 1146 eorum
526 1082 648 1146 curatio
668 1081 826 1168 tripartita
843 1130 852 1156 ,
876 1078 1062 1154 XXXVII,
1078 1081 1121 1158 48
1137 1091 1170 1146 et
1185 1101 1277 1168 seqq.

391 1187 519 1276 quaudo
537 1211 623 1252 venae
646 1188 744 1252 sectio
763 1188 941 1252 conveniat.
961 1185 982 1250 I
985 1184 1053 1251 bid.
1074 1190 1129 1274 49.

391 1295 520 1383 quando
532 1297 571 1360 sit
579 1296 722 1360 emeticis
730 1308 764 1360 ct
773 1295 983 1386 purgantibus
992 1297 1097 1372 locus,
1106 1295 1126 1363 I
1129 1295 1186 1360 bid
1197 1307 1230 1362 ct
1242 1295 1298 1362 50.

392 1429 472 1473 num
490 1404 707 1492 pellentibus,
732 1403 824 1470 Ibid.
963 1467 967 1476 ,

395 1537 455 1580 cur
468 1526 500 1580 et
513 1512 644 1600 quaudo
659 1525 734 1583 suna
749 1513 869 1582 leviora
884 1513 1087 1602 ecccprotica
1104 1512 1297 1580 adhibenda.

436 1621 526 1688 Ibid.

395 1732 686 1819 experimentorum
704 1731 789 1796 circa
805 1729 993 1804 eorumdem
1007 1741 1096 1796 extra
1111 1751 1229 1819 ccrpus
1240 1729 1302 1796 dia·

159 1850 175 1890 b
287 1820 292 1828 ¹
439 1840 630 1905 s'olutionem
646 1841 805 1914 varietas,
830 1839 922 1904 Ibid.

362 1952 375 2031 l
395 1946 473 2034 qnid
493 1946 570 2010 hinc
589 1959 817 2033 consequatur.
840 1945 933 2012 Ibid.

394 2078 465 2142 quac
481 2067 588 2122 tamen
612 2077 677 2142 prae
701 2055 825 2120 cacteris
847 2053 1039 2120 exhibenda,
1059 2051 1081 2118 I
1083 2053 1150 2120 bid.

394 2165 477 2232 inter
495 2163 730 2251 lithontriptica
748 2162 863 2232 hilaria
879 2165 926 2228 ¹ct
952 2163 1090 2231 urinaria
1114 2162 1294 2256 discrimen,

439 2271 530 2337 Ibid.

395 2381 450 2448 ubi
474 2404 669 2468 praeservans
693 2381 815 2448 curatio
842 2381 951 2447 minus
975 2380 1191 2469 respondeat,
1224 2381 1294 2470 quiri

355 2488 358 2496 ’
463 2492 574 2554 saltem
590 2490 694 2556 facere
708 2489 785 2556 utile
801 2489 861 2567 sit,
885 2489 1070 2567 XXXVII,
1096 2492 1150 2556 51.

395 2598 437 2672 de
465 2597 630 2664 curatione
655 2621 713 2690 per
738 2619 854 2666 novam
875 2596 916 2666 ad
940 2598 1055 2688 cystim
1074 2596 1288 2666 lithotomiam.

440 2705 461 2770 I
464 2704 530 2769 tid.
559 2705 611 2770 52.

306 2815 393 2884 Bilis.
422 2815 452 2877 V
455 2814 503 2878 id,
526 2813 648 2880 Jecoris
674 2811 790 2902 Cystis,

306 2923 383 2995 Bilis
402 2924 544 2988 materia.
570 2923 601 2985 V
603 2922 649 2987 id.
675 2923 811 2998 Ieterus,
928 3001 930 3006 Ι
1103 2983 1108 2990 .

306 3033 383 3102 Bilis
398 3045 463 3096 atra
486 3031 641 3100 Veterum
658 3030 736 3118 quid
750 3032 791 3101 cit
808 3081 817 3106 ,
836 3029 960 3105 XXX,
983 3052 1034 3116 17,
1049 3029 1185 3109 XXXI,
1208 3033 1245 3108 6,
1261 3043 1284 3118 7.

392 3139 553 3228 quomodo
567 3161 719 3228 apparere
728 3138 892 3234 interdurn
901 3137 1000 3226 possit
1009 3153 1158 3228 grumosa
1169 3139 1287 3216 ,XXX

393 3272 504 3444 cjeilae
521 3352 645 3424 funesta
663 3353 831 3443 exempla,
857 3354 997 3432 XXXI,
1021 3355 1052 3420 6.

392 3476 465 3554 post
489 3465 652 3551 ejectam,
686 3464 762 3552 aegri
786 3463 973 3530 difficillime
1002 3463 1117 3528 servati
1149 3461 1284 3531 historia.

435 3571 527 3641 Ibid.
549 3597 578 3658 7.

306 3679 495 3755 Boeclerus‚
518 3679 600 3746 Phil.
631 3679 761 3748 Henric.
790 3679 868 3746 Prof
887 3680 921 3748 P.
949 3679 1161 3770 Argentorat,
1188 3677 1287 3745 lauda-

306 3787 495 4002 Bcilpbieibi
511 3789 589 3972 ilo.
610 3895 756 3965 Beniam.
784 3893 820 3964 P.
841 3895 928 4003 Prol,
959 3893 1116 3986 Lipsiens.
1132 3895 1284 3970 laudatus,

349 4005 447 4081 LVI,
477 4025 530 4094 29·
