2828 4678
318 491 367 538 ΕΤ
397 489 522 534 RERUM
552 486 820 533 nossemus.
1037 487 1097 554 291

122 603 125 612 ’
229 575 309 663 adeo
328 620 371 663 ne
391 618 465 663 oum
482 593 674 687 pulmonum
696 593 828 683 quidem
844 593 1099 660 inflammatione
1131 620 1138 629 “

230 707 405 794 conjuncta
422 703 603 792 reperitur,
621 703 711 778 XX,
740 701 792 768 58.
821 701 903 768 XXI
915 751 924 779 ,
937 704 1001 790 59,
1016 706 1072 782 4ο.

184 835 260 882 oum
280 827 388 882 autem
398 814 579 902 conjuncta
603 835 678 878 oum
701 833 738 876 eo
758 814 943 901 reperitur,
967 835 1099 900 perraro

228 925 297 990 sine
307 925 445 1014 graviori
436 923 648 1011 pulmonum
663 919 916 986 inflammatione
925 921 1095 1011 reperitur,

228 1031 320 1108 XX,
344 1035 412 1120 57,
431 1033 484 1097 58.
504 1030 607 1107 XXI,
630 1031 670 1094 28
688 1040 721 1094 et
743 1051 832 1117 seqq

182 1141 403 1236 quandovero
412 1141 492 1204 sino
509 1161 547 1204 ee
564 1139 744 1227 reperitur,
764 1147 819 1204 aut
840 1161 909 1204 esse
920 1137 1020 1204 videri
1037 1161 1098 1228 po·
1163 1217 1174 1233 .

227 1230 387 1326 test,neo
410 1272 503 1325 esse,
528 1260 561 1314 et
581 1245 766 1350 quomodo,
793 1247 879 1322 XX,
900 1249 965 1324 58,
1000 1249 1042 1335 59
1066 1261 1099 1314 et

226 1382 315 1448 seqq.
342 1357 449 1433 XXI,
482 1357 537 1422 31.
636 1395 637 1400 κ

876 1377 879 1382 Δ
985 1411 997 1453 1

272 1480 327 1536 aut
346 1469 372 1533 si
389 1468 452 1543 sit,
471 1489 537 1532 non
556 1465 632 1532 inde
651 1463 755 1531 solum
780 1463 908 1531 videtur
930 1489 1017 1530 mors
1038 1465 1096 1533 de·
1169 1458 1173 1468 ’
1273 1447 1275 1458 ’

315 1575 568 1652 ducenda‚XX,
579 1576 644 1661 5¹7,
656 1576 709 1639 58.
724 1573 824 1650 XXI,
838 1577 878 1640 28
893 1587 925 1642 et
935 1565 1023 1663 seqq.
1036 1579 1092 1655 4ι.

180 1688 325 1776 pleuram
342 1709 425 1775 saepe
442 1685 567 1774 nigram
581 1685 614 1748 in
630 1684 808 1772 pleuriticis
826 1707 890 1761 en,
910 1681 946 1750 et
957 1710 1096 1774 quomo-

225 1795 267 1861 do
282 1795 463 1884 perantiqui
477 1793 594 1860 medici
615 1790 820 1869 invenerint,
847 1793 950 1872 XXI,
977 1798 1029 1862 51.
1053 1825 1056 1832 ’

81 1903 274 1972 Pleuritidis
291 1903 542 1994 signuquaedam
558 1903 627 1968 sine
638 1901 811 1991 pleuritide
824 1917 900 1970 sunt
913 1904 1001 1970 haud
1018 1927 1091 1972 raro
1113 1905 1118 1913 ’

135 2016 171 2082 in
184 2015 470 2104 peripneumonia,
489 2012 574 2088 XX,
589 2035 609 2100 9
622 2063 630 2088 ,
642 2013 685 2078 55
697 2063 706 2088 ,
720 2015 780 2088 55,
797 2013 861 2100 59,
875 2015 912 2094 42
929 2065 939 2091 ,
953 2013 1014 2095 45,
1030 2019 1072 2104 47
1085 2068 1094 2094 ,

137 2129 203 2215 49,
228 2128 268 2193 62
286 2138 319 2192 et
332 2147 420 2214 seqq.
441 2123 548 2200 XXI,
575 2124 614 2188 ι6
637 2135 670 2188 et
685 2145 775 2211 seqq.

134 2257 139 2260 ·
272 2233 401 2304 illorum
415 2256 519 2302 causae
530 2233 757 2320 inquiruntur,
773 2243 805 2298 et
817 2235 899 2300 ratio
912 2245 1021 2301 tamen
1038 2259 1097 2305 cur

318 2343 368 2410 hae
397 2368 463 2410 non
486 2366 612 2432 semper
634 2339 687 2406 ille
717 2341 881 2462 efficiant,
911 2343 999 2422 XX,
1039 2371 1096 2426 10,

320 2455 384 2529 58,
409 2455 472 2532 4ο,
490 2419 882 2532 42,44,48,5ο,52.

170 2560 291 2628 'sedem
307 2563 363 2648 qui
384 2561 503 2628 medici
524 2561 736 2648 antiquissimi
767 2562 939 2628 statuerint
962 2563 996 2631 in
1021 2568 1098 2655 pul-

229 2694 353 2747 mone,
380 2667 487 2744 XXI,
514 2669 567 2756 57.
1104 2667 1118 2748 f

276 2781 331 2867 qui
347 2801 406 2868 per
425 2777 632 2844 dissentiones
653 2775 702 2843 vel
726 2775 803 2844 olim
824 2778 857 2844 id
885 2782 1100 2850 confirmave-

318 2889 408 2966 rint,
427 2901 482 2954 aut
504 2911 580 2953 non.
601 2886 692 2953 Ibit.
715 2899 749 2952 et
770 2889 823 2954 58.

275 2997 491 3063 controversia
523 2996 606 3061 Iraeo.
623 3015 701 3061 num
730 2998 771 3063 sit
798 2997 830 3062 in
859 2999 949 3085 praxi
972 2999 1100 3068 medica

244 3110 248 3126 ’
320 3105 439 3172 nullius
463 3107 629 3172 momenti.
654 3104 745 3172 [tid
766 3109 820 3186 41.

91 3211 283 3284 Pleurititlis
303 3237 385 3279 verae
404 3213 491 3280 nulla
515 3227 591 3280 sunt
612 3216 700 3304 signa
721 3237 791 3301 quae
815 3235 1048 3307 nonnunquam
1068 3221 1102 3288 in

139 3323 334 3416 quibusdam
352 3325 467 3412 spuriis
502 3335 568 3389 nom
591 3324 728 3402 fuerint,
746 3323 853 3400 XXI,
880 3327 935 3404 46.

169 3446 281 3523 sputa
312 3434 557 3523 pleuriticorum
586 3447 720 3500 cruenta
746 3435 909 3522 quomodo
945 3439 1101 3527 explicata

234 3544 321 3618 sint,
344 3555 378 3608 et
393 3541 556 3630 quomodo
572 3541 765 3632 plerumque
786 3542 987 3634 explicanda.
1006 3533 1099 3613 Ibid.

235 3646 290 3731 42.

187 3761 368 3828 observatio
383 3719 587 3850 pleuritidis,
606 3785 720 3850 grume
737 3763 900 3852 sanguinis
919 3763 1030 3830 ioetido
1045 3789 1106 3856 per

236 3869 795 3958 osejectostatimsolutae.1hid.
825 3874 881 3950 45.

281 3989 314 4044 et
333 3977 462 4046 alterius
476 3981 642 4050 siosolutae
657 4030 667 4058 ,
690 3981 814 4071 rejecto
826 3981 998 4050 lumbrioo.
1011 3982 1101 4052 Ibit.

880 4092 945 4180 19*
