2828 4678
317 417 384 484 ³16
653 441 767 484 tubex
796 439 980 487 noussen.

321 546 471 614 Stuartus
492 547 625 627 Petrus,
646 551 821 630 laudatus,
846 552 1011 632 XLVIII,
1038 553 1091 619 «25.

322 656 503 726 Stultorum
521 661 692 728 cerebrum
712 661 829 730 durum
845 664 1049 730 observatum
1068 712 1078 741 ,
1099 662 1136 740 I,
1160 684 1212 728 10.
1230 659 1335 739 VIII,

324 824 327 832 ,
373 771 513 857 ¹4³7·
533 770 627 848 LXI,
658 775 689 838 8.

412 900 477 944 non
491 891 597 946 tamen
610 882 643 947 in
653 883 929 960 omnibustotum,
943 883 1036 960 VIII,
1054 907 1106 970 17,
1123 885 1173 950 18.
1187 883 1288 959 LXI,
1304 886 1333 947 8.

288 983 292 1000 '
415 1011 475 1055 cur
485 989 518 1054 id
533 1003 565 1056 et
581 991 763 1080 quomodo,
779 977 1004 1082 quadantenus
1021 994 1222 1083 inquiritur,
1242 992 1338 1069 VIII,
1407 955 1408 1014 i

421 1093 426 1120 ⁸
467 1101 516 1164 18.
540 1099 640 1175 LXI,
668 1103 698 1166 8.

403 1217 451 1278 et
466 1232 549 1298 saepe
565 1211 598 1276 in
614 1211 651 1276 iis
668 1211 818 1300 glandula
833 1211 968 1301 pinealis
986 1213 1115 1291 vitiata,
1139 1211 1224 1280 VIII
1242 1263 1252 1288 ,
1286 1213 1343 1290 sl„
1408 1209 1409 1212 ’

469 1319 858 1421 16.LX1,2etseq.,m
1409 1336 1410 1426 p

186 1485 191 1496 .
332 1423 492 1513 Styloides
517 1451 707 1518 processus,
730 1431 771 1496 ad
790 1453 825 1496 os
845 1431 981 1520 hyoides
1002 1425 1207 1521 perveniens
1220 1453 1344 1520 prope·
1409 1429 1410 1454 ³

377 1539 529 1616 modum,
552 1539 757 1618 observatus,
780 1539 909 1618 LXIII,
934 1541 983 1606 rs.

336 1648 505 1715 Subclavia
522 1650 554 1714 in
568 1673 648 1715 vena
664 1663 696 1715 et
709 1651 741 1716 in
757 1649 898 1726 exiliari,
914 1649 1016 1744 longa
1027 1647 1132 1716 insuia
1145 1648 1284 1726 ,LXIX
1295 1699 1304 1724 ,
1316 1671 1345 1712 2.

337 1759 514 1825 submersi.
544 1759 575 1822 V
577 1758 623 1824 id.
644 1761 744 1849 Epist.
766 1751 898 1836 LXIV,
922 1763 955 1840 4.

427 1891 586 1958 aquamne
602 1870 634 1934 in
650 1869 850 1946 ventriculo,
872 1893 1025 1958 esperare
1043 1869 1159 1934 arteria
1174 1867 1347 1942 habeant,
1411 1955 1412 1964 ἵ

338 2003 356 2024 ³·
474 2001 513 2044 an
526 1979 559 2043 In
572 1991 687 2045 neutro
703 2029 712 2057 ,
726 1981 781 2067 qui
803 1981 898 2069 primi
916 1981 1139 2055 observarint,
1164 1976 1276 2054 XIX,
1294 1979 1346 2055 Is.

428 2088 644 2176 exporirnenta
667 2088 699 2152 in
727 2087 872 2176 pluribus
896 2088 1041 2176 variique
1066 2087 1194 2177 generis
1222 2086 1349 2151 anima-

472 2195 582 2273 libus,
605 2197 701 2262 etiam
724 2197 840 2286 quibus
857 2195 963 2284 adhuc
983 2209 1205 2261 anastomoses
1228 2195 1274 2259 ad
1299 2215 1352 2259 cor
1412 2217 1413 2222 ¹

475 2307 650 2393 patebant,
668 2318 782 2396 capta,
802 2319 835 2372 et
859 2305 938 2394 quid
958 2307 1104 2373 observat
1160 2334 1178 2370 r.
1199 2303 1219 2370 1
1224 2303 1298 2368 bid.
1324 2315 1353 2369 et

477 2439 510 2480 se
557 2463 564 2478 .

434 2525 466 2590 in
485 2438 574 2600 uilio
590 2548 702 2590 eorum
718 2524 880 2615 epiglottis
893 2489 1067 2614 depressa,
1094 2529 1154 2589 eut
1167 2495 1290 2612 Iarynx
1303 2545 1355 2588 oc-

481 2635 589 2709 clusa,
614 2633 717 2710 XIX,
737 2637 791 2713 Ab}

436 2739 597 2807 variarum
614 2743 647 2808 iu
665 2743 760 2809 variis
794 2766 883 2832 aqum
905 2743 938 2809 in
954 2741 1136 2809 ventriculo
1163 2753 1198 2807 et
1226 2739 1352 2830 pulmo·

483 2851 578 2916 nibus
598 2853 859 2919 observationum
881 2853 987 2918 causae
1000 2852 1241 2918 examinantur.
1267 2848 1353 2920 ibid.

482 2961 527 3038 46
544 2963 627 3041 ,44
969 2957 972 2968 ·

437 3068 610 3136 methodus
624 3066 848 3160 Deth'ardingii
861 3067 1073 3136 subveniendi
1089 3067 1269 3152 submersis
1285 3090 1358 3158 per·

485 3179 647 3268 penditur.
666 3180 758 3247 loto.
784 3183 839 3259 44.
932 3205 939 3214 ’
1173 3263 1175 3268 Ι

441 3311 520 3354 num
536 3289 639 3355 ferme
655 3277 832 3378 nulla'spes
848 3289 889 3354 sit
905 3279 1019 3354 iisdem
1033 3285 1150 3352 auxilio
1170 3285 1282 3372 aliquo
1296 3283 1359 3372 opi-

482 3398 625 3464 tulandi.
645 3399 736 3465 Ibid.

357 3505 607 3575 Submersorum
632 3507 787 3574 cadavera
808 3529 879 3595 quae
907 3505 949 3570 ad
970 3516 1144 3573 anatomen
1170 3501 1359 3592 aptissime,

328 3629 333 3640 '
400 3627 434 3681 et
455 3639 532 3704 quaes
549 3639 663 3693 secus,
686 3615 789 3693 XIX,
810 3619 864 3694 Io.

447 3747 526 3791 num
543 3710 596 3790 ilia
621 3727 662 3790 ob
688 3748 802 3813 aquam
821 3735 884 3812 'per
907 3723 990 3790 eutis
1013 3727 1124 3810 poros
1139 3719 1360 3790 subeuntem,

493 3857 542 3903 an.
559 3833 667 3924 potius
685 3834 727 3898 ob
757 3835 841 3900 intus
866 3831 1085 3920 explicantem
1107 3852 1142 3895 se
1157 3819 1269 3893 'aerem
1292 3837 1359 3890 tur-

494 3955 826 4031 geant.enatentque.
855 3942 947 4008 loss.
1039 3937 1090 4037 ι’
1179 3938 1181 3944 '

361 4048 479 4118 Sudor.
501 4050 577 4119 Post
593 4052 689 4142 hujus
708 4053 829 4144 copiosi
843 4076 860 4116 a
873 4051 994 4142 frigore
1010 4048 1292 4140 suppressionem,
1311 4065 1361 4109 ro·
