2850 4676
357 419 852 516 rrnsaourorairrnrun.
950 441 952 449 '
1005 447 1105 514 ‘205

237 637 238 642 ,
273 567 346 634 ἀοι·
363 570 458 636 eximi
481 570 720 646 testudinibtt,
748 559 780 638 et
799 574 856 640 has
873 587 979 642 tamen
1000 575 1108 643 adhuc

333 681 479 755 moveri,
506 681 628 746 sciebat
656 680 860 760 Aristoteles,
886 683 981 761 XII,
1011 689 1060 765 14.

105 778 224 848 Gordis
247 779 503 875 lymphaeductus
522 791 704 867 observati,
733 791 863 870 XLIII,
888 795 918 858 5.

46 883 49 891 “
201 895 324 960 arteriae
351 899 524 962 coronariae
553 912 643 975 tres,
670 901 735 964 imo
752 913 892 987 quatuor
908 903 1106 981 observatae,
1134 899 1144 920 ‘

218 1055 220 1060 .
248 1001 381 1080 XVII-l,
404 1005 458 1084 54.
479 1005 644 1083 XLVIII,
669 1009 722 1086 54.

295 1113 393 1182 altera
414 1133 503 1180 ossan
524 1115 631 1192 facta,
653 1115 790 1194 XXIV,
818 1118 867 1184 16.

294 1243 310 1286 a
327 1223 443 1316 quihus
456 1224 488 1290 id
505 1237 597 1290 antea
614 1226 835 1302 observatum,
853 1227 984 1305 XXIV,
1014 1252 1062 1316 17.

202 1350 291 1396 vcnae
308 1334 481 1398 coronariae
504 1331 626 1400 valvula
644 1358 683 1399 cx
697 1335 857 1422 parallelis
871 1337 1024 1425 sejunctis
1040 1338 1111 1404 fila-

262 1443 402 1519 mentis,
424 1433 558 1519 LXIV,
587 1466 618 1507 2.
1039 1429 1042 1436 ,

204 1552 348 1620 foramen
364 1554 452 1620 avale
473 1552 541 1618 sine
558 1550 621 1618 ulla
639 1575 770 1641 prorsus
786 1557 932 1633 vulvula,
954 1555 1112 1634 XLVIII,

253 1664 307 1728 lia.
337 1673 340 1682 ’

295 1773 328 1837 in
349 1770 464 1836 adultis
480 1781 647 1858 apertum,
670 1782 703 1836 ct
717 1769 897 1858 inquadam
909 1793 984 1852 cur,
999 1773 1110 1840 XVII.

349 1903 408 1956 ra,
439 1881 489 1944 15.

298 2013 359 2057 nac
382 1999 492 2053 tamon
519 1988 565 2052 sic
587 1987 718 2074 ipsum,
742 2000 776 2052 et
797 1991 916 2056 canalis
947 1993 1119 2058 arteriosus

344 2096 482 2163 multum
500 2095 670 2164 conserunt
687 2095 727 2160 ad
751 2097 914 2164 vitandam
935 2099 1120 2167 suffocatio-

345 2231 445 2284 nem,
470 2205 576 2281 XIX,
594 2207 649 2284 46

122 2317 237 2386 Cordis
249 2316 289 2382 ad
303 2313 519 2406 pericardium
532 2312 729 2408 alligationes
746 2337 816 2403 quae
829 2329 862 2381 at
878 2330 1036 2404 quatenus
1047 2317 1122 2409 pul-

169 2451 242 2494 sum
261 2427 383 2492 variare
401 2425 552 2513 possint,
577 2423 720 2500 XXIV,
738 2425 775 2502 5,
794 2427 836 2504 4,
865 2449 914 2492 12.

212 2513 381 2625 prolapsus
394 2557 488 2600 verus
503 2583 516 2608 ,
544 2531 660 2608 XVII,
684 2535 746 2610 25,
774 2537 825 2599 28.

305 2643 467 2733 quomodo
476 2642 639 2710 medicum
648 2645 748 2731 possit
758 2643 924 2734 decipere,
939 2645 1052 2722 XVll,
1072 2650 1123 2712 28.

215 2754 395 2844 superficiei
409 2752 608 2818 adhaerentes
621 2754 865 2832 concretiones,
879 2767 911 2821 et
924 2758 1014 2844 quasi
1028 2779 1127 2823 mam·

262 2864 371 2930 branae
390 2861 475 2928 unde
494 2861 582 2936 sint,
603 2859 694 2937 XX,
716 2861 771 2946 57,

128 2972 245 3044 Gordia
265 2997 300 3038 os
317 2997 334 3038 a
352 2971 524 3050 Veteribus
542 2970 666 3048 dictum
685 3021 694 3046 ‚
716 2951 817 3060 quid,
832 2972 913 3038 etin
930 2974 1046 3061 quibus
1068 2975 1128 3051 sit,

175 3079 328 3158 XXVII,
357 3105 407 3168 ¹9·
497 3155 507 3170 ἢ
945 3069 948 3078 Κ
1069 3153 1071 3160 ‚

220 3203 360 3279 squamas
379 3214 475 3258 osseae
496 3190 635 3257 exterius
652 3189 855 3265 observato,
880 3188 1030 3268 XXVII,
1054 3194 1105 3258 16.

222 3299 397 3368 ossiculum
413 3312 445 3364 ct
462 3301 568 3389 majus
579 3321 615 3364 os
634 3300 667 3364 iu
682 3298 751 3386 ipsa
772 3297 973 3376 substantia,
993 3301 1061 3377 ΙΙΙ,
1079 3323 1130 3366 sa.

269 3408 420 3484 XXVII,
445 3432 474 3472 c.

223 3543 301 3588 num
325 3541 399 3584 vcra
415 3539 485 3582 ossa
509 3538 574 3582 uon
599 3516 663 3581 sint
681 3565 696 3592 ‚,
716 3514 864 3592 XXVII,
892 3529 976 3604 17et
993 3538 1082 3606 seqq.

225 3627 388 3716 quomodo
410 3625 480 3694 ficri
501 3625 625 3713 possint
648 3648 688 3690 ex
711 3625 780 3712 ipsa
802 3647 917 3692 carnea
932 3625 1135 3702 substantia,

271 3735 361 3802 ltat.
385 3748 417 3802 et
435 3733 542 3810 XLV,
572 3734 622 3798 26.

182 3883 185 3888 ·
229 3869 307 3912 num
322 3867 394 3910 ossa
408 3843 477 3910 haec
494 3841 617 3909 soleant
631 3854 772 3912 mortam
788 3841 989 3932 repentinam
1004 3840 1138 3919 afferre,

275 3951 430 4032 XXVII,
459 3955 496 4019 15
513 3963 545 4020 et
566 3974 653 4040 seqq.
