2828 4678
411 472 459 516 ar
486 471 614 516 aaron
645 447 904 518 cortamina.
1095 475 1158 540 277

247 578 303 667 qui
318 577 438 666 primi,
459 599 572 642 eorum
591 589 785 646 structuram
803 594 882 648 tunc
905 601 963 670 per
987 595 1158 650 anatomen

294 687 554 753 examinaverint.
584 687 675 752 Ibid.

248 819 285 862 ea
306 809 342 861 ut
363 796 446 861 varia
467 796 665 884 deprehensa
692 797 743 863 sit.
771 798 860 868 [bid.
889 811 921 865 et
947 824 975 886 7.

248 903 416 969 decausis
454 904 569 970 hurum
601 906 794 972 varietatum
832 909 1038 995 conjecturae.
1065 907 1155 972 thid.

294 1012 455 1090 LXVIII,
484 1015 515 1091 4.
949 1019 951 1024 ’

248 1143 327 1185 num
350 1121 415 1186 huc
436 1133 583 1208 spectent
607 1121 838 1190 rechiticorum
858 1146 1036 1211 puerorum
1063 1147 1160 1202 ossa,

293 1229 424 1304 LVIII,
453 1255 482 1315 7.
844 1302 849 1326 ι
1063 1227 1072 1231 “

158 1333 290 1405 Ossium
308 1339 579 1404 excrescentiaoet
606 1347 759 1406 tumores.
789 1339 821 1405 V
822 1339 869 1404 iat.
898 1342 1045 1408 Exostos.

249 1446 446 1536 ankonses,
470 1446 604 1523 LXIX,
636 1471 685 1512 12.
1015 1433 1016 1438 ἵ

249 1557 353 1622 caries
373 1555 537 1620 interdum
556 1567 604 1619 est
622 1556 690 1620 sine
705 1555 794 1621 rusco
810 1555 998 1644 prodeuntis
1018 1557 1161 1623 materiae

292 1663 399 1730 colore
415 1713 425 1740 ,
442 1677 474 1729 et
495 1665 679 1752 quom0d0,
705 1663 759 1732 LV
780 1716 788 1741 ,
816 1669 865 1730 18.

258 1784 260 1790 ’
335 1795 414 1839 num
434 1775 535 1861 possit
553 1761 626 1839 esse¹
642 1773 812 1860 aliquando
834 1775 873 1839 ab
890 1775 1022 1841 internis
1040 1776 1160 1842 ossium

383 1881 526 1968 ipsorum
551 1884 853 1970 anenrysmatihus,
878 1883 956 1960 LII,
981 1885 1033 1970 50.

246 1990 467 2056 excavationes
479 1992 518 2054 ab
532 1990 640 2055 adsitis
657 1994 934 2080 eneurysnratibus
952 1992 1082 2079 quando
1096 1994 1161 2083 pri·

290 2121 380 2164 mum
403 2098 467 2164 sint
487 2099 740 2177 anImadversae,
768 2100 887 2177 XVII,
912 2101 942 2166 5.

245 2206 393 2273 Iracturae
417 2207 579 2272 interdum
611 2207 711 2274 videri
736 2222 869 2295 possunt
892 2232 963 2296 quae
995 2208 1075 2274 nihil
1097 2209 1161 2274 sint

291 2317 352 2382 nisi
373 2315 578 2404 epiphysium
605 2317 851 2404 sejunctiones,
873 2317 972 2393 LVI,
993 2319 1046 2396 54.
1104 2403 1115 2407 ῃ

156 2423 288 2492 Ossium
311 2425 487 2491 fractorum
511 2423 584 2490 colli
608 2425 819 2514 incipientis,
843 2439 897 2492 aut
919 2426 1053 2513 perfecti
1077 2437 1158 2492 tem·

199 2559 261 2624 pus
283 2558 341 2600 cur
356 2557 415 2623 pro
436 2546 525 2600 certo
548 2549 686 2621 nequeat
710 2534 856 2611 definiri,
877 2535 969 2611 LVI,
992 2538 1044 2600 28.

249 2642 340 2708 Unde
362 2643 426 2718 sit,
450 2641 538 2730 qnod
564 2643 614 2707 alii
639 2642 756 2709 collum
781 2667 852 2710 osse
876 2643 1049 2710 firmiorem
1065 2666 1160 2720 esse,

209 2761 212 2768 '
291 2753 406 2826 aiunt,
434 2752 632 2841 aliinegant.
667 2751 757 2816 Itis.
787 2775 839 2839 29.

157 2861 288 2929 Ossium
311 2861 344 2926 in
370 2861 536 2936 articulis,
562 2861 640 2924 dum
661 2874 854 2937 moventur,
881 2861 1022 2948 crepitus
1040 2860 1078 2924 ah
1097 2859 1160 2926 hu-

199 2971 419 3044 mectatione,
446 2991 485 3034 an
502 2970 610 3056 potius
627 2969 666 3036 eb
685 2969 900 3037 exsiccatione
922 2971 973 3034 sit.
994 2969 1013 3034 I
1018 2968 1084 3033 tat.
1102 2971 1155 3048 54.

246 3079 333 3144 unde
350 3101 418 3143 esse
433 3079 532 3165 possit
545 3080 685 3166 crepitus
695 3080 727 3144 in
742 3078 953 3144 articulorum
970 3077 1159 3145 infleinium

299 3186 492 3274 quibusdam
510 3188 750 3260 sanctionibus,
777 3185 910 3260 LXIX,
943 3208 992 3250 12.
1099 3215 1102 3220 ·

161 3293 291 3362 Ossium
303 3307 420 3384 praeter
432 3307 581 3360 naturam
598 3296 761 3382 generatio
773 3343 782 3371 ,
796 3297 861 3360 sive
874 3294 1058 3360 ossificatio.
1075 3295 1108 3358 V
1109 3293 1156 3358 id.

203 3404 320 3470 Aortae.
358 3405 560 3470 Arteriarum
591 3405 678 3469 vitia.
711 3404 882 3470 Bronchia.
916 3403 1048 3468 Cerebri
1080 3402 1160 3466 dura
1193 3423 1194 3427 ’

203 3513 354 3589 meninx,
372 3524 405 3578 ct
427 3511 500 3576 salx.
523 3511 596 3576 Cor.
618 3511 919 3580 Lien.'0culorum.
944 3512 1068 3578 Pleura.
1085 3510 1161 3598 Spi-

203 3623 284 3688 nalis
302 3620 456 3687 meduIIae
473 3620 706 3688 Arachnoides.
768 3679 770 3684 ,
987 3609 988 3612 “

247 3753 316 3819 quae
332 3754 372 3795 ex
392 3729 441 3796 his
465 3752 539 3794 vcra
558 3729 622 3794 sint
636 3753 725 3808 ossa,
742 3742 775 3796 et
791 3728 954 3817 quomodo
971 3750 1064 3794 anon
1078 3729 1160 3796 veris

172 3883 175 3892 ,
262 3848 266 3856 ’
293 3839 443 3928 possint,
469 3850 524 3903 aut
549 3858 615 3902 non
647 3841 770 3928 possint
791 3839 953 3915 discerni,
979 3835 1074 3906 XXV
1098 3861 1160 3926 ,9.

297 3945 426 4018 XXVII
443 3997 452 4026 ,
472 3969 510 4014 eo
527 3959 560 4014 ct
576 3971 664 4040 seqq.
