2850 4676
327 421 388 506 rol,
663 438 781 484 innox
804 437 978 486 ronraorr

284 567 289 574 ·
411 527 502 594 idae
523 528 591 594 sine
614 527 667 596 illo
688 531 836 594 errore'a
863 529 984 596 Galeno
1010 549 1098 618 saepe
1117 531 1320 620 repetitum,

455 651 487 704 et
507 637 583 726 quid
600 639 829 712 observatum,
855 638 962 712 XIX.
991 641 1042 718 24.
1138 625 1160 708 ¹.
1294 713 1295 717 ,

409 745 498 812 Mero
524 769 541 810 a
569 745 700 812 diversis
735 755 847 834 postca
867 747 1043 823 iteratum,
1077 745 1134 813 sed
1158 746 1221 814 alio
1254 749 1319 814 aliis

440 878 603 920 vsuccessu
616 881 624 927 ;
646 855 665 920 I
669 854 736 920 tid.

408 965 580 1054 repetitum
597 965 734 1052 pluries,
752 977 784 1030 et
805 963 924 1030 diutius
944 962 1144 1040 oValsalva,
1167 965 1316 1054 etquid,

453 1074 549 1139 etiam
577 1084 649 1162 post
682 1073 867 1138 animalium
896 1085 1033 1138 mortem
1058 1075 1316 1150 ,observatum

343 1221 345 1226 ·
453 1181 556 1258 XIX,
583 1203 652 1258 no,
679 1183 897 1270 25etaaqq.‚
917 1184 969 1249 52.

407 1293 489 1358 ratio
511 1292 725 1378 quarumdam
750 1293 783 1358 in
806 1315 845 1358 eo
870 1293 1089 1370 varietatum,
1110 1291 1221 1368 XIX,
1256 1295 1315 1366 28,

453 1424 518 1488 29,
541 1401 593 1466 52.
893 1407 896 1414 '

406 1509 567 1598 quomodo
589 1510 706 1597 anirnal
730 1522 841 1598 pergat
857 1511 987 1586 vivere,
1011 1509 1118 1586 XIX,
1151 1512 1214 1585 28,
1241 1533 1292 1596 29·

318 1619 505 1686 Carotidum
530 1619 761 1706 aneurysmatia
789 1615 987 1708 li·equentio⁸r
1009 1641 1106 1685 cansa
1138 1619 1253 1708 priscis
1274 1619 1315 1684 vi-

362 1729 607 1818 deturignota,
632 1727 769 1802 XXVI,
793 1749 845 1792 na.
943 1758 946 1772 s

403 1839 487 1904 illins
503 1862 561 1926 per
583 1838 833 1926 constringentia
860 1839 1010 1914 curatio,
1034 1861 1096 1926 qua
1118 1838 1312 1914 utebantur,

447 1951 560 2037 saepius
575 1971 641 2012 non
662 1947 839 2035 probanda.
863 1945 953 2012 Ittd.
980 1931 983 1937 ¹

316 2057 412 2147 Carpi
427 2081 542 2146 parvus
564 2040 695 2131 tumor,
721 2079 779 2144 per
797 2080 830 2122 se
850 2069 983 2144 repente
1001 2068 1071 2120 tum
1097 2079 1310 2132 evanescens,

358 2181 428 2246 turn
451 2167 602 2242 rediens,
631 2165 667 2229 L.
691 2188 741 2251 19·

272 2341 275 2346 .
316 2278 526 2366 Cartilagines
562 2277 595 2341 in
624 2274 716 2341 valde
743 2287 895 2364 provecta
923 2285 1018 2340 aetato
1046 2273 1153 2342 adhuc
1175 2277 1308 2350 molles,

357 2385 497 2462 XXIII,
524 2385 555 2448 6.

313 2494 494 2560 Caruncnla
513 2492 684 2558 seminalis.
707 2491 738 2554 V
740 2492 798 2556 td..
810 2490 993 2558 Seminalis.

311 2603 478 2678 casalino,
509 2601 682 2692 Gregorius
707 2601 833 2668 Comes
861 2598 1099 2678 Bononiensis)
1129 2602 1307 2690 landatur,

356 2712 439 2787 LX,
470 2714 518 2790 14.

312 2822 487 2890 Castancae.
506 2821 553 2884 Ex
568 2841 678 2886 earam
692 2819 794 2886 farina
807 2821 897 2908 panis
914 2869 923 2894 ‚
942 2843 1017 2888 enm
1029 2841 1119 2908 caepa
1134 2833 1304 2892 comestus:

355 2930 518 3019 quomodo
531 2931 612 2994 intra
628 2928 722 2994 horas
737 2942 800 2994 tres
818 2929 966 2994 occidere
979 2929 1130 3018 potuerit.
1145 2930 1303 3016 XXIX,9.

399 3045 416 3103 a
440 3039 579 3112 Castro,
606 3037 711 3115 Petri,
734 3037 964 3114 hallucinatio,
990 3036 1115 3114 LVIII,
1134 3039 1174 3104 ⁸6.

296 3147 484 3236 ‘Catalepsis
499 3171 515 3213 a
532 3171 672 3238 quonam
685 3147 840 3213 Veterum
853 3148 955 3227 surius
972 3159 1109 3216 tractata
1126 3149 1187 3227 sit,
1204 3148 1253 3225 II,
1276 3169 1301 3210 2.

310 3255 489 3322 Cataracta.
518 3257 549 3320 V
551 3257 597 3322 id.
626 3255 776 3322 Suffusio.

312 3365 460 3432 Gatharri
482 3366 646 3452 quomodo
669 3387 756 3442 nunc
773 3365 977 3456 explicandi,
1006 3367 1114 3442 XIII,
1146 3389 1173 3432 1.

396 3477 573 3564 praesortim
594 3473 795 3549 suffocatio,
822 3476 932 3552 XIII,
960 3499 989 3541 a.

397 3583 484 3672 quod
502 3596 534 3647 et
580 3586 726 3670 exemplo
746 3583 980 3659 confirmatur,
1007 3581 1114 3661 XIII,
1141 3587 1161 3650 5
1181 3635 1191 3662 ,
1211 3587 1243 3666 Δ.

310 3692 426 3758 Catulli
446 3693 582 3756 verbum
599 3693 804 3778 explicatur,
830 3691 936 3759 XLVI
958 3743 966 3770 ‚
995 3716 1023 3758 r.

311 3802 436 3873 (iactos,
467 3799 582 3865 Franc.
608 3800 785 3878 Antonios,
806 3803 1007 3868 anatomicos
1039 3803 1145 3868 saeculi
1167 3803 1232 3877 16,
1254 3801 1304 3866 in·

353 3909 474 3974 merito
496 3921 544 3972 ost
562 3909 599 3974 iis
617 3911 671 3996 qui
694 3909 733 3974 de
755 3912 966 3998 scriptoribus
989 3913 1176 3980 anatomicis
1193 3924 1226 3978 et
1241 3933 1303 3977 mo-

355 4015 434 4082 dicis
451 4030 611 4107 eperunt,
636 4018 816 4107 incognitus
835 4069 843 4096 ‚
876 4019 947 4094 III,
975 4023 1025 4084 21.
