2850 4676
326 401 391 481 ’ll
658 421 780 468 rum
809 420 995 468 roarruu

415 549 490 592 cum
506 549 545 591 eo
568 527 771 615 tympanites.
792 527 882 594 leid.
911 551 971 604 er,
1001 529 1053 594 25.

325 637 585 728 Hydropicorum
606 658 694 723 aquae
717 657 861 702 examen.
891 637 922 700 V
923 638 970 701 id.
988 635 1164 725 Aquarum.

412 768 491 811 num
504 739 533 808 si
545 744 675 832 limpida
693 745 733 808 sit
747 768 783 818 ‚a
800 743 940 833 lymphae
958 744 1110 812 ductibus
1125 741 1316 833 provenerit.

456 850 558 927 XVI,
585 875 614 936 7.
638 852 839 934 XXXVIII,
867 866 937 939 7et
956 877 1023 942 seq.

412 960 574 1050 sanguinis
582 961 769 1027 constitutio
778 961 945 1029 inillorum
954 963 1023 1028 aliie
1035 961 1106 1028 alia.
1127 961 1316 1035 XXXVIII,

463 1073 512 1149 14·
679 1139 682 1146 ,

407 1177 561 1246 curuihil
576 1179 643 1244 fere
654 1178 815 1268 sanguinis
825 1179 857 1244 in
870 1177 1032 1248 nonnullis
1039 1192 1148 1250 restet.
1161 1178 1184 1249 Ι
1186 1177 1256 1246 bid.
1270 1181 1316 1245 52.

322 1286 470 1377 Hydrops
486 1287 640 1354 thoracis.
665 1287 697 1352 V
698 1287 746 1352 id.
768 1285 933 1356 Thoracis.

227 1385 230 1394 ¹
412 1419 572 1463 anesarca.
598 1397 629 1459 V
631 1396 678 1460 id.
707 1396 881 1462 Anasarca.

410 1506 613 1594 tympanites.
642 1504 674 1568 V
675 1504 722 1568 aa.
752 1503 972 1593 Tympanites.
1052 1569 1054 1576 ,

413 1611 594 1702 pericardii.
620 1613 651 1677 V
652 1611 700 1676 id.
728 1612 916 1680 Peridardii.

410 1723 585 1811 peritonaei.
616 1721 646 1784 V
648 1722 697 1786 id.
726 1721 905 1788 Peritonaei.

410 1831 605 1898 ovariurum.
631 1830 663 1894 V
665 1830 712 1896 id.
740 1829 837 1896 Over.
1090 1861 1094 1865 -

318 1941 491 2032 llydropes
506 1939 650 2016 saccati,
679 1937 884 2016 XXXVIII,
912 1939 954 2004 65
975 1951 1008 2004 et
1032 1962 1098 2028 aeq.

272 2119 274 2123 Α
360 2045 362 2058 “
405 2049 451 2116 'de
472 2069 585 2116 eorum
609 2048 716 2136 signis.
739 2047 829 2114 Ibid.
855 2049 908 2134 67.
930 2048 1019 2116 LXV
1034 2097 1044 2126 ‚
1061 2049 1099 2113 16
1118 2060 1151 2114 et
1169 2070 1261 2136 seqq.

410 2159 454 2224 de'
467 2181 579 2224 eorum
597 2158 773 2224 curatione.
804 2156 894 2224 leid.
917 2169 949 2223 et
966 2157 1145 2226 XXXVIII
1163 2209 1172 2233 ,
1189 2158 1257 2222 ’68.

410 2265 529 2343 unius,
554 2289 612 2354 per
632 2289 667 2332 ae
686 2279 781 2355 rupto
799 2287 893 2332 sacco
910 2267 944 2332 in
965 2269 1098 2334 ascilem
1124 2267 1318 2356 degenerare

455 2374 775 2462 incipientis‚etmox
786 2373 950 2444 redeuntis
960 2375 1152 2443 observatio.
1163 2374 1258 2443 laid.
1267 2377 1314 2464 69.

321 2483 576 2574 Hydroraehitis.
599 2483 631 2548 V
632 2483 679 2548 id.
707 2482 806 2571 Spina
826 2483 937 2548 bifida.

321 2594 449 2683 Hymen
481 2591 514 2656 in
548 2589 773 2680 quadamque
803 2590 942 2658 urethrae
965 2591 1115 2682 propior.
1144 2614 1185 2657 eo
1212 2591 1315 2659 latior.

365 2700 461 2775 LVI,
489 2721 540 2764 eo.
695 2711 699 2717 ’

320 2809 475 2900 Hymenis
498 2807 641 2873 foramen
663 2807 811 2874 bifariam
844 2807 1001 2886 divisum,
1029 2821 1062 2876 et
1078 2809 1236 2877 columnae
1250 2859 1264 2886 ,
1289 2820 1318 2874 el

365 2913 546 2984 carunculae
562 2938 649 2994 nuuc
673 2915 800 2982 dictaea
822 2917 1017 3005 quibusdam
1037 2919 1230 3008 pisilormes.
1272 2919 1315 2986 De

362 3028 412 3094 Iris
429 3024 606 3114 quiddam,
630 3024 711 3101 XV,
735 3048 786 3091 12.
813 3025 917 3103 XXI,
942 3049 993 3114 29.

318 3117 473 3226 Hyoidis'
492 3135 569 3200 ossis
598 3120 808 3221 ligamentum
849 3135 1093 3225 suspensorium
1129 3158 1210 3202 num
1244 3157 1315 3202 cum

362 3243 575 3311 Weibrechto
591 3241 800 3331 negandum,
825 3242 962 3322 LXIII,
998 3247 1048 3324 il.

408 3353 449 3418 de
466 3351 579 3418 eodem
591 3364 623 3416 et
639 3350 680 3417 de
695 3351 838 3418 ossiculis
855 3403 864 3429 ,
882 3353 963 3441 ipsi,
982 3367 1037 3420 aut
1052 3353 1144 3419 brevi
1161 3354 1215 3420 alii
1231 3352 1315 3442 hyoi·

376 3531 385 3542 „
453 3455 507 3524 dis'
520 3461 693 3548 ligamento
715 3459 855 3536 innatis,
881 3460 1039 3548 quaedam.
1068 3459 1160 3526 leid.

317 3568 609 3661 Hypochondriaca
630 3567 756 3634 allectio
770 3569 933 3656 quodnam
951 3593 1034 3658 saepe
1050 3570 1229 3636 maximum
1246 3565 1314 3634 alle·

362 3692 412 3745 rat
428 3679 657 3744 detrimentum
675 3726 683 3751 ,
710 3676 815 3746 LXIV
833 3727 842 3755 ,
870 3679 919 3744 16.

320 3785 685 3877 Hypochondriaeorum
702 3784 839 3873 querelae
855 3807 921 3854 uon
936 3809 1094 3876 sempera
1109 3785 1313 3854 medicosuut

363 3892 582 3982 negligendae,
607 3892 717 3968 XLV,
746 3917 798 3981 27.
880 3879 882 3886 Α
