2850 4676
328 459 815 516 1111111111111111111.
1015 439 1075 523 sir

170 573 258 646 unde
283 581 459 656 maximum
492 576 672 666 periculum
704 577 737 642 iu
762 577 831 664 ejus
848 593 1079 662 nonnunquam

218 688 515 754 tentataineisione.
542 685 633 750 lata.
746 673 747 676 ¹

80 773 324 886 Hyiirocephali
347 796 417 883 quis
437 794 675 860 observationes
696 789 884 882 collegerit,
902 789 986 868 XII,
1006 793 1055 857 15.

81 904 338 993 Hydrophobia,
363 905 389 969 si
413 925 508 968 canes
530 902 695 988 excipias,
726 923 791 970 nen
815 901 928 988 saepius
947 901 986 964 ab
1014 899 1082 967 aliis

129 1012 349 1090 animalibus,
370 1035 467 1098 quam
494 1035 510 1076 a
526 1009 659 1084 salibus,
673 1009 828 1084 insertur,
849 1009 945 1086 LXI,
972 1011 1020 1076 15.

173 1145 214 1188 an
230 1121 310 1198 fiat,
326 1120 517 1186 interduma
533 1140 656 1184 veneno
673 1118 766 1182 intus*
777 1118 906 1206 genito,
924 1119 1087 1206 quomodo

221 1229 367 1326 revocari
381 1231 413 1294 iu
432 1228 568 1294 dubium
589 1227 713 1315 possit,
739 1225 840 1303 VIII,
869 1231 934 1302 28,
955 1229 1008 1292 51.

175 1340 267 1408 iactae
284 1341 317 1403 in
330 1337 461 1404 tribusa
478 1336 682 1426 frigidissimo
696 1348 774 1424 potu
787 1386 795 1410 ,
810 1357 885 1401 cum
901 1349 1087 1414 aestuarent,

222 1451 386 1538 exempla,
405 1461 437 1513 et
451 1469 599 1535 quaenam
613 1447 645 1512 in
656 1467 768 1510 eorum
786 1446 930 1514 sectione
942 1447 1087 1526 inventa,

221 1557 328 1634 VIII,
359 1559 414 1623 51.
473 1603 475 1608 -
1080 1545 1082 1550 ’

177 1690 218 1734 an
236 1667 320 1733 iacta
340 1666 503 1732 interdum
519 1665 560 1732 sit
586 1689 603 1730 a
618 1660 770 1752 conjectu
784 1689 903 1754 spumae
921 1666 1024 1732 rabidi
1035 1689 1091 1733 ca-

224 1776 291 1854 nis,
313 1788 347 1841 et
364 1797 462 1841 annos
480 1775 615 1864 viginti,
641 1775 920 1864 autquadraginta
940 1775 1091 1853 Iatuerit,

224 1887 388 1976 quomodo
404 1889 438 1953 in
464 1886 600 1952 dubium
625 1886 709 1951 trahi
732 1899 852 1973 queat,
878 1887 979 1964 VIII,
1005 1891 1057 1953 18.

182 2021 262 2064 num
279 1998 318 2064 ah
335 1997 567 2084 imaginatione
585 2007 617 2060 et
635 2007 758 2061 terrore
772 1997 829 2071 sit,
846 1991 939 2073 LXI,
963 2020 1019 2074 11,
1042 2000 1092 2064 15.

91 2106 338 2197 Hydrophobiae
359 2105 450 2172 sedes
473 2106 634 2194 praecipua
650 2102 720 2192 'quae
740 2106 804 2182 sit,
837 2103 937 2180 VIII,
963 2107 1015 2172 51.

185 2209 343 2304 quantum
377 2216 416 2280 in.
444 2210 497 2280 iIIa
528 2215 569 2280 sit
587 2215 850 2280 convulsionibus
873 2213 1092 2284 tribuendum.
1141 2211 1144 2216 ¹

229 2323 321 2390 Ibid.
342 2336 375 2389 et
398 2322 494 2397 LXI,
522 2343 588 2400 ro,
615 2324 663 2388 16.
1129 2323 1134 2333 ’

188 2434 319 2522 quinam
335 2455 394 2520 per
406 2431 463 2496 has
480 2431 556 2496 olim
575 2431 739 2498 difficilem
753 2432 1101 2523 potusdeglutitionem

234 2540 486 2630 explicaverint,
505 2539 608 2618 VIII,
631 2565 695 2628 19,
718 2565 777 2618 ac,
795 2543 847 2607 51.

190 2649 371 2740 postillam
398 2651 552 2724 siccitas,
577 2667 682 2736 neque
709 2651 742 2714 in
765 2649 911 2738 pluribus
932 2664 981 2718 est
1003 2651 1104 2718 cada-

235 2759 388 2834 veribus,
413 2781 474 2824 nec
490 2809 499 2833 ,
517 2759 544 2824 si
568 2771 675 2836 esset,
693 2782 751 2846 pro
779 2759 884 2824 morbi
902 2783 997 2827 causa
1023 2773 1106 2827 essct

238 2867 405 2943 habenda,
426 2879 460 2932 et
482 2867 662 2933 ουκ-1555.
687 2870 739 2933 51.

194 2999 274 3044 num
291 2999 386 3042 causa
411 2955 474 3040 sInt
493 2998 628 3041 vermes.
649 2985 666 3040 1
673 2973 740 3040 tut
761 2978 801 3041 15
819 2988 873 3065 et
871 2999 958 3066 seqq.

106 3084 340 3176 Hydrophebia
369 3107 475 3172 neque
496 3107 626 3173 semper
643 3094 692 3150 est
706 3108 782 3151 eum
811 3059 1102 3176 delineatam.

141 3207 303 3280 neque
323 3217 361 3258 ex
378 3192 490 3258 delirio
510 3205 559 3258 est
592 3193 782 3259 abstinentia
804 3207 928 3284 apotu.
947 3191 1039 3261 laad.

136 3365 143 3384 ,
197 3326 303 3391 neque
315 3326 443 3391 semper
455 3315 529 3368 esta
545 3315 625 3392 potu
638 3302 917 3370 vehementissima
934 3306 1108 3382 aversatio,

244 3409 351 3488 VIII,
384 3433 435 3496 19.
542 3455 549 3462 -

199 3543 279 3587 num
299 3521 340 3586 sit
352 3521 474 3608 angina
491 3516 649 3607 quedam.
674 3521 695 3586 I
698 3521 765 3588 bid.
788 3540 825 3610 19
842 3535 875 3588 et
892 3545 980 3610 seqq.

201 3651 281 3702 num
288 3631 380 3696 citius
387 3629 575 3716 erumpatin
588 3629 721 3716 impuris
733 3633 933 3720 corporibus.
947 3631 968 3695 1
971 3627 1037 3694 bid.
1057 3653 1108 3696 11.
1159 3679 1161 3683 .

203 3761 282 3804 num
298 3761 424 3826 semper
441 3737 534 3804 citius
551 3758 689 3802 emersu
701 3740 865 3830 labrorum
875 3752 930 3803 aut
943 3760 1108 3828 genarum.

248 3844 338 3910 lata.
368 3858 400 3912 et
424 3869 475 3933 19.

206 3955 339 4044 jamjam
356 3969 516 4046 erupturae
532 3957 671 4047 signum.
694 3951 785 4022 Ibit.
808 3979 859 4022 11.
878 4017 882 4024 .

902 4064 941 4129 16
