2850 4676
320 407 384 488 alb
653 424 997 472 ιιιιιιιιιιοιιιιιιιι.

266 539 275 552 “
317 536 439 602 Ieterus
472 530 636 619 quomodo
671 533 711 598 ab
759 533 858 603 animi
890 531 1058 602 affectibus
1103 534 1284 604 inducatur
1312 585 1323 616 ,

361 641 548 719 XXXVII,
576 643 606 707 t.

404 776 484 820 num
503 751 682 820 oaohoctici
701 764 734 818 et
759 749 966 842 phlegmatici
994 754 1034 820 ab
1055 753 1175 820 ausint
1197 756 1322 825 immo·

332 935 336 948 ¹
450 887 519 928 uas.
549 859 643 931 Ibid.
663 885 694 948 9.
734 846 738 858 ¹
788 913 794 930 .

319 1047 326 1064 Ι
405 971 583 1038 unda‘olim
605 982 711 1038 ortum
724 972 764 1037 sit
776 970 939 1060 quoddam
957 971 998 1038 da
1017 972 1110 1044 iuberi
1124 995 1222 1052 aausa
1241 972 1320 1040 Hal·

450 1082 564 1164 montii
588 1094 819 1156 commeatum·
844 1079 936 1149 ltto.
966 1105 995 1168 7.

404 1191 566 1280 quomodo
578 1203 733 1282 augeatur
748 1191 780 1256 in
796 1191 952 1280 sanguina
967 1191 1101 1258 matoria
1120 1189 1195 1262 bilis
1208 1239 1220 1274 ,
1238 1193 1319 1258 iute-

449 1325 522 1378 rum
540 1301 670 1375 iaciens.
691 1299 784 1367 [tut.
810 1324 844 1388 9.

403 1433 531 1484 causae,
562 1409 634 1476 bilis
657 1411 742 1505 viam
764 1410 803 1476 ab
828 1409 944 1498 bopats
971 1409 1013 1478 ad
1039 1411 1190 1480 intestina
1213 1411 1318 1499 impe-

448 1519 582 1589 diautas.
603 1519 622 1588 1
626 1518 693 1594 bid.
723 1543 761 1594 ιο
776 1567 786 1596 ,
804 1521 845 1589 bb
866 1533 899 1586 ot
915 1543 1004 1608 seqq.

336 1693 339 1702 ,
404 1630 474 1716 quis
493 1630 675 1705 monuerit,
695 1630 853 1702 nonsatis
872 1653 944 1698 osso
964 1628 1004 1696 ad
1017 1629 1109 1700 icturi
1125 1628 1318 1717 productio-

447 1762 523 1807 nem
539 1740 696 1826 oystioum
715 1751 858 1812 meatum
870 1739 1013 1814 obstrui,
1036 1739 1098 1806 uisi
1116 1751 1150 1806 at
1165 1761 1317 1806 commu-

450 1849 499 1916 ais
511 1847 709 1922 obstruatur.
737 1847 830 1922 ibid.

404 1957 566 2046 quomodo
582 1956 646 2027 boo
663 1957 832 2028 obstructo
851 2009 860 2035 ,
886 1959 1006 2024 icturus
1019 1969 1128 2024 tamea
1146 1955 1319 2044 aliquando

425 2091 513 2140 ,nou
533 2066 599 2132 fiat.
623 2065 714 2132 Ibid.
736 2069 789 2145 tt.

403 2201 420 2258 a
443 2199 554 2246 morsu
572 2177 689 2264 vipaaae
710 2177 828 2244 icturus
850 2175 983 2263 quaudo
1000 2175 1042 2242 ob
1066 2198 1139 2242 eam
1165 2175 1315 2240 obstruc-

448 2287 569 2352 tionem
584 2284 654 2350 fieri
671 2284 852 2358 caedundus
863 2285 915 2352 sit.
931 2283 951 2352 Ι
954 2281 1022 2350 bid.
1048 2307 1099 2350 ιο.
1121 2283 1202 2348 Vs'd.
1219 2284 1315 2350 stiam
1405 2334 1406 2382 ι

446 2394 576 2483 Vipera.
1405 2383 1406 2394 ¹

402 2505 443 2573 ab
459 2504 615 2594 hepaticis
632 2503 764 2575 calculis
778 2502 907 2594 quando
920 2501 977 2568 fiat
993 2515 1128 2570 autnon
1140 2500 1208 2568 liat.
1224 2499 1311 2566 ibid.

453 2636 486 2676 11
515 2626 548 2678 et
566 2635 654 2701 seqq.

402 2721 565 2810 quomodo
588 2743 821 2808 nonnunquam
844 2723 980 2786 alterum
1002 2719 1158 2786 duntaxat
1181 2719 1315 2786 inlicere

446 2832 588 2920 potuerit
602 2831 745 2919 corporis
765 2833 873 2908 latus,
896 2829 969 2906 XI,
996 2832 1045 2908 td.

402 2962 571 3004 causarum
589 2963 606 3004 a
624 2939 745 3028 quibus
761 2938 829 3004 llari
857 2940 994 3004 ictorum
1009 2960 1125 3021 uocans
1143 2951 1317 3014 natorum,

447 3049 645 3136 condeiunt,
668 3071 826 3123 examen,
847 3045 1008 3125 XLVIII,
1036 3048 1092 3112 iio.

315 3154 372 3222 Ilai
395 3156 538 3221 intestini
554 3155 745 3222 diuorticula
767 3156 828 3222 alia
855 3180 871 3221 a
888 3167 1031 3234 natura,
1058 3155 1118 3222 alia
1135 3177 1153 3218 a
1175 3153 1313 3230 morbo,

266 3323 268 3330 .
357 3263 533 3339 XXXIV,
562 3265 612 3328 16.
1088 3333 1090 3342 Ι

490 3396 549 3438 cur
568 3373 601 3437 in
619 3374 679 3438 ileo
700 3374 902 3461 potissimum
915 3372 985 3439 haeu
1002 3372 1082 3438 liant
1099 3421 1108 3450 ,
1130 3383 1164 3437 et
1183 3373 1312 3461 propius

290 3515 299 3522 ,
410 3536 414 3542 .
534 3481 939 3570 ejusfinem.1bid.17.

292 3649 293 3652 ,
320 3643 327 3650 s.
347 3593 355 3604 ‘
400 3589 589 3674 intestinum
606 3591 669 3658 boo
681 3615 699 3656 a
713 3591 841 3658 duobus
854 3589 955 3680 globis
971 3589 1133 3680 plumbeis
1151 3587 1311 3680 quomodo

444 3697 547 3764 tribus
565 3699 597 3764 in
614 3697 692 3764 loois
712 3701 855 3788 potuerit
870 3700 1042 3766 vulnerari.
1069 3697 1166 3780 LIV,
1192 3719 1244 3762 at.

312 3805 407 3874 Iliaca
429 3830 508 3873 vana
527 3809 680 3874 lateribus
708 3809 791 3875 inter
815 3834 850 3878 se
876 3820 1027 3898 exparte
1055 3789 1312 3876 coalescentibus

357 3917 666 3996 contracta,LVl,
695 3943 760 3996 ιο,
791 3943 840 3987 ιι.
894 4003 897 4008 Ι
