2828 4678
331 465 392 530 280
669 485 784 530 rnnax
813 485 992 530 scurror

412 591 490 681 quid
513 591 690 658 cavendum
706 615 780 658 cum
798 591 891 658 Celso
912 592 1135 662 sentientibus.
1162 589 1258 657 Itis.

412 701 490 790 quid
513 701 718 767 Recentiores
743 701 934 768 addiderint.
966 701 1057 767 Ibid.
1081 703 1134 766 55.

412 829 489 876 num
506 824 577 898 post
596 811 681 876 illam
700 863 708 887 ,
735 823 767 876 et
784 812 825 876 ob
844 813 931 876 illam
953 812 1130 886 intestina,
1157 823 1192 875 et
1213 811 1331 898 perito-

456 942 561 984 naeum
575 918 844 1018 inflammatione,
860 930 893 984 et
908 943 1074 1008 gangraena
1093 919 1321 1006 corripiantur.

458 1026 549 1092 Ibid.
579 1023 632 1092 51.

324 1133 423 1204 Paraei
444 1135 727 1211 hallucinationes,
749 1135 854 1211 VIII,
881 1137 932 1200 ab.
957 1133 1113 1212 XXVII,
1138 1137 1191 1214 24.

412 1245 444 1312 io
466 1247 536 1332 ejus
552 1243 671 1312 celebri
698 1245 838 1330 quadam
857 1245 1079 1312 observatione
1099 1267 1170 1332 quae
1190 1241 1328 1310 difficul-

460 1367 541 1419 tates
566 1367 762 1428 occurraut,
786 1353 927 1429 XXIV,
952 1355 1005 1419 56.

326 1462 482 1551 Paralysis
501 1476 586 1528 artus
608 1464 780 1552 superloris
808 1488 868 1530 cur
893 1463 1019 1532 facilius
1046 1461 1204 1540 tollatur,
1232 1485 1327 1549 qnam

371 1571 559 1646 inferioris,
594 1571 660 1646 XI,
686 1595 736 1637 aa.

416 1681 481 1768 ipsa
501 1695 533 1745 et
553 1679 717 1748 convulsio
737 1681 900 1769 quomodo
918 1681 1011 1746 simul
1028 1682 1060 1748 in
1084 1679 1201 1746 eodem
1225 1703 1328 1745 mem-

458 1790 518 1852 bro
538 1812 606 1854 csse
627 1789 769 1876 possint,
789 1789 843 1865 X,
869 1790 918 1854 15.
1179 1873 1187 1884 „

325 1894 481 1986 Paralysis
506 1918 524 1962 a
546 1895 754 1964 convulsione
779 1897 1005 1986 explicationes
1032 1895 1141 1986 plures
1156 1943 1166 1972 ,
1181 1895 1252 1971 XI,
1273 1896 1325 1970 18,

374 2030 425 2072 ao.

416 2137 433 2179 a
451 2137 545 2180 causa
570 2114 602 2178 in
620 2111 781 2180 cellulosis
798 2139 970 2180 nervorum
987 2115 1057 2180 telis
1072 2115 1175 2202 posita
1191 2113 1326 2202 explica·
1406 2091 1407 2106 ἵ

456 2223 499 2288 tio
516 2223 567 2286 cui
582 2220 762 2288 difficultati
786 2225 923 2290 obnoxia
941 2225 992 2289 sit.
1018 2232 1037 2291 Ι
1041 2223 1108 2287 bid.
1133 2247 1185 2288 ao.

324 2330 510 2426 Paralyticis
532 2331 686 2398 membris
714 2332 864 2418 quando,
890 2345 922 2397 et
944 2355 1015 2420 quae
1032 2345 1164 2397 externa
1180 2331 1322 2396 remedia
1405 2341 1406 2348 ’

365 2443 545 2530 periculose
563 2439 804 2516 adhibeantur,
831 2453 974 2508 autnon.
1001 2440 1093 2506 Ibid.
1117 2465 1180 2518 aa,
1207 2441 1259 2506 25.
1316 2519 1319 2524 Ι

321 2547 568 2637 Parapbrenitis.
595 2548 643 2614 De
667 2573 703 2613 ea
721 2549 887 2636 quaedam,
911 2549 994 2626 VII,
1018 2553 1066 2628 14.
1092 2548 1169 2615 LIII
1182 2549 1193 2623 ,'
1220 2551 1251 2614 6.

320 2655 536 2745 Paraplcgiae,
562 2679 637 2721 cum
658 2657 871 2745 phaenomeno
886 2645 976 2722 'haud
993 2657 1114 2748 vulgari
1135 2657 1321 2746 conjunctae

364 2765 522 2842 historia,
545 2764 649 2841 LIII,
675 2769 727 2832 25.

320 2873 483 2941 Parotidcs
508 2874 665 2964 glandulae
681 2873 862 2952 induratoe,
888 2898 985 2966 quam
1003 2875 1140 2941 feliciter
1156 2873 1321 2940 interdum

363 2996 504 3060 sanatae,
530 2982 580 3062 L,
609 3005 661 3069 ⁹7·

316 3092 480 3160 Parotides
499 3091 578 3158 dicti
599 3104 740 3158 tumores
758 3089 868 3179 quales
885 3094 967 3167 sint,
989 3093 1174 3180 conjicitur.
1201 3089 1296 3157 [bid.

402 3200 697 3268 convalescentibus
727 3225 959 3287 nonnunquam
980 3203 1139 3266 oriuntur.
1160 3199 1253 3265 Ibid.

316 3310 441 3378 Partus.
460 3309 529 3375 Non
543 3310 634 3376 brevi
650 3321 725 3374 anta
740 3308 827 3376 hunc
842 3322 988 3398 tempore
1000 3308 1156 3397 aquantur
1176 3333 1215 3374 ex
1227 3321 1319 3374 utero

359 3417 471 3485 effusio
485 3419 637 3494 innoxia,
666 3419 859 3494 observata,
890 3417 1049 3501 XLVIII,
1069 3442 1100 3506 9.

299 3615 302 3622 Ι
401 3551 480 3594 num
504 3551 630 3615 semper
650 3551 762 3592 verum
782 3527 823 3592 sit
848 3551 968 3592 novum
988 3525 1163 3616 cogitatum
1182 3524 1222 3592 da
1243 3524 1317 3594 sede

446 3649 526 3702 tunc
537 3635 664 3702 illarum
681 3659 850 3722 aquarum.
873 3635 965 3702 ltin.
990 3659 1041 3700 ιο.

400 3767 470 3833 quae
487 3767 577 3808 noxae
593 3744 625 3808 in
650 3745 839 3808 mulieribus
863 3746 902 3808 ab
922 3743 1153 3830 intempestIvis
1172 3743 1312 3830 inportu

445 3849 613 3919 conatibus
630 3851 875 3939 relinquantur,
900 3851 1073 3926 XXXIX,
1101 3853 1153 3915 58.

488 3974 521 4027 et
537 3985 607 4050 quae
634 3961 699 4028 cito
725 3961 895 4046 accidant,
916 3959 1084 4038 XLVIII,
1108 3981 1172 4112 ἔρ,
1193 3959 1245 4024 50.
