2828 4678
339 446 402 526 284
657 467 779 514 ranna
813 465 1000 513 ιιοιιιιιιιιι

427 599 464 642 aa
479 575 524 643 ibi
541 575 793 664 haemorrhagia,
812 587 961 663 respectu
978 586 1026 640 tot
1043 574 1178 640 aliarum
1191 571 1341 646 modica,

473 709 531 750 cur
550 696 638 750 tanto
661 685 754 750 citius
781 707 877 772 quam
901 683 973 760 hae,
996 683 1134 750 occidat.
1156 682 1252 748 [bid.
1286 685 1336 746 18.

472 793 604 868 LXIX,
622 795 673 858 5.’
1307 855 1333 874 χ,

338 902 470 970 Perinaei
505 906 602 970 sectio
637 902 677 968 ad
703 904 828 970 urinam
852 909 1055 991 suppressam
1094 897 1339 974 emittendam,

339 1029 348 1045 “
383 1013 499 1088 XLII,
524 1015 576 1078 56.

427 1121 459 1187 in
481 1121 671 1199 calculosis,
696 1135 732 1186 ut
747 1123 838 1187 urina
854 1123 963 1186 minus
979 1123 1113 1188 molesto
1129 1117 1282 1194 defluat,
1300 1140 1340 1182 an

473 1255 491 1296 a
509 1231 649 1296 Zeuchio
667 1233 806 1297 iuventa.
834 1230 925 1294 Ibid.

340 1336 606 1428 peripneumonia
633 1363 710 1404 num
740 1337 975 1427 utplurimum
1006 1361 1024 1402 a
1057 1335 1204 1410 dextris,
1238 1334 1343 1401 rarius

385 1472 403 1514 a
420 1451 554 1515 sinistris
574 1500 583 1525 ,
613 1449 700 1525 XX,
724 1451 777 1516 65.

429 1583 511 1624 verae
530 1559 636 1622 minus
659 1559 789 1624 obnoxii
806 1571 881 1623 sunt
904 1557 1003 1622 obesi.
1032 1554 1122 1620 Ibid.
1151 1577 1202 1620 ιο.

429 1669 462 1734 ln
478 1667 613 1755 gravidis
632 1689 689 1731 cur
707 1667 927 1755 periculosior.
957 1663 976 1729 I
980 1663 1047 1726 oid.

429 1775 462 1841 in
485 1799 521 1840 ca
542 1777 669 1863 sanguis
691 1798 776 1862 saepe
792 1773 921 1861 quidem
950 1784 998 1838 est
1016 1793 1229 1837 concrescens
1247 1819 1262 1845 ,
1294 1782 1347 1834 aut

477 1907 550 1950 cum
567 1885 730 1971 polyposis
751 1881 1036 1954 concretionibus:
1057 1892 1244 1946 nontamen
1260 1902 1345 1946 sem·

476 1995 545 2080 per'.
564 1992 655 2056 loia.
679 1996 728 2071 ι4.
749 1993 858 2068 XXI,
885 1993 946 2069 54,
973 1991 1025 2054 55.

519 2099 620 2187 qualis
647 2113 799 2189 appareat
830 2101 952 2189 pulmo.
984 2099 1016 2164 V
1017 2095 1269 2162 id..PuImones
1297 2098 1344 2162 in-

564 2207 732 2274 flammati.

344 2319 619 2409 Peripncumoniae
637 2347 720 2412 saepe
737 2347 771 2390 sc
793 2323 915 2389 addunt
931 2319 1095 2395 thoracis,
1123 2329 1157 2384 ct
1168 2315 1346 2406 pericardii

385 2429 545 2519 hydropas
560 2444 592 2496 et
607 2433 780 2520 quomodo.
798 2433 887 2507 XX,
906 2434 958 2510 54.
976 2427 1085 2506 XLV,
1107 2429 1174 2492 16.·

429 2561 494 2605 non
517 2564 589 2605 raro
607 2564 766 2630 soporosae
783 2539 969 2606 affectiones
990 2589 999 2616 ,
1018 2537 1082 2616 VI,
1103 2559 1137 2602 11
1154 2549 1187 2601 et
1207 2559 1303 2624 seqq.

430 2650 592 2736 quomodo
608 2664 640 2716 et
657 2650 804 2717 delirium
826 2699 835 2727 ,
861 2651 963 2726 XXI,
992 2673 1021 2736 7.

381 2751 387 2763 ’
429 2782 659 2846 nonnunquam
674 2763 781 2826 nullus
795 2761 922 2826 videtur
937 2758 1050 2834 dolor,
1072 2755 1159 2834 XX,
1178 2757 1218 2834 4.
1243 2757 1302 2821 50.-

521 2880 553 2934 et
576 2892 656 2946 cur,
678 2869 781 2944 XXI,
801 2895 836 2955 7,
860 2869 1034 2954 8etseqq.

431 2975 516 3042 unde
534 2976 609 3044 alias
618 2979 659 3044 sit
676 2976 768 3043 dolor
780 2999 946 3066 pungens,
965 2975 1162 3062 inquiritur,
1182 2973 1270 3048 XX,
1292 2994 1348 3048 ιο,

477 3087 543 3160 58,
568 3088 630 3164 4ο,
655 3089 720 3165 4ο,
749 3089 816 3164 44,
836 3087 897 3164 46,
916 3087 958 3163 48
980 3133 989 3160 ,
1008 3085 1067 3159 5ο,
1093 3085 1160 3159 52,
1182 3083 1317 3168 54,57.

430 3213 661 3280 nonnunquam
675 3193 894 3260 febrisminus
915 3203 1023 3259 acuta.
1042 3190 1133 3257 lota.
1150 3193 1194 3270 4,
1215 3191 1276 3267 ιθ,
1295 3213 1346 3276 27.

478 3302 599 3379 XXII,
629 3316 696 3378 ιο,
723 3327 774 3368 ιι.

373 3461 377 3471 ,
432 3409 601 3478 decubitus
629 3415 731 3478 multo
762 3413 875 3499 saepius
911 3411 944 3477 in
976 3408 1156 3486 allectam,
1186 3431 1284 3496 quam
1313 3409 1345 3474 in

479 3543 590 3584 sanam
604 3533 754 3608 partem,
783 3519 918 3586 facilior.
937 3517 958 3584 I
962 3518 1030 3583 oin.
1050 3522 1104 3598 4ο.

432 3626 869 3718 diarrhoeasuparveniento,
892 3627 1027 3716 quando
1055 3625 1268 3694 metuendum
1295 3637 1349 3692 aut

359 3787 364 3796 .
481 3739 685 3826 sperandum.
716 3739 807 3804 loia.
838 3763 888 3804 ιο.

355 3879 358 3890 v
433 3870 450 3911 a
476 3848 583 3914 nimiis
606 3845 771 3936 sanguinis
797 3847 1027 3916 emissionibus
1049 3842 1129 3935 quid
1155 3841 1346 3913 timendum.

480 3954 570 4022 Iota.
595 3958 646 4024 25.
