2850 4676
406 576 584 668 profundus
599 603 695 668 quam
710 583 811 646 varias
827 583 918 648 sedes
933 565 1054 650 habere
1068 581 1169 672 possit
1185 637 1194 662 ,
1213 579 1229 652 l
1237 637 1245 662 ,
1263 603 1291 674 7.

407 689 534 754 verticis
545 689 708 776 quomodo
722 691 915 780 profundam
927 691 1047 758 hahere
1060 696 1160 780 possit
1172 705 1307 762 causant.

452 796 543 862 Itis.

319 904 440 994 Capitis
467 905 584 971 doloris
611 930 714 973 causae
737 905 952 995 multiplices,
977 907 1015 986 l,
1040 912 1171 998 passim.

408 1013 457 1080 Ab
474 1035 512 1080 eo
534 1016 690 1083 discessus
704 1030 889 1110 suturarum
905 1018 938 1084 in
956 1041 1032 1084 sene
1051 1068 1060 1093 ,
1088 1020 1135 1085 111
1153 1071 1162 1096 ,
1188 1022 1218 1086 8.

319 1123 439 1212 Capitis
461 1123 602 1190 vulnera.
631 1126 667 1190 ln
692 1126 740 1190 his
759 1125 856 1191 illaeso
875 1127 985 1192 cronio
1005 1129 1171 1215 quomodo
1189 1129 1308 1195 menin-

362 1255 437 1322 gas,
455 1245 487 1298 et
510 1234 679 1300 cerebrum
702 1233 772 1298 laedi
791 1235 941 1322 possint,
977 1234 1039 1310 Ll,
1060 1237 1094 1314 4.

406 1341 454 1406 Ex
479 1341 516 1406 iis
542 1341 576 1404 in
604 1353 704 1428 quot,
731 1353 763 1406 et
781 1363 880 1428 quam
904 1342 992 1406 varia
1013 1343 1135 1408 viscera
1153 1343 1211 1409 liat
1227 1343 1310 1433 puris

451 1450 636 1526 translatio,
660 1447 780 1524 XXV,
808 1473 857 1514 ao.
876 1449 938 1525 Ll,
964 1473 1000 1514 ar
1023 1463 1055 1516 et
1072 1473 1159 1538 seqq.

406 1557 537 1644 quinam
555 1557 640 1622 hanc
659 1559 909 1624 observaverint.
933 1557 954 1624 I
957 1557 1025 1622 tid.

405 1665 568 1753 quomodo
591 1665 724 1732 sortasse
742 1668 906 1754 contingat
924 1715 933 1743 ,
953 1666 1016 1742 Ll,
1043 1669 1094 1732 25.

405 1775 568 1861 quomodo
602 1777 673 1863 plus
700 1777 788 1863 puris
813 1763 1000 1841 traductum
1025 1775 1192 1851 videatur,
1224 1799 1312 1863 qnam

450 1905 584 1972 parvum
597 1883 759 1950 interdum
780 1883 858 1950 dare
872 1886 1015 1972 potuerit
1033 1883 1160 1950 vulnus}
1179 1885 1199 1949 I
1203 1885 1268 1950 bid.

406 1993 594 2070 ahscessus,
618 1993 696 2058 'inde
718 1993 751 2058 in
770 1994 880 2082 jecore
894 1993 1015 2082 geniti,
1039 1997 1230 2082 quamplura
1249 2017 1313 2060 esse

363 2098 384 2123 ⁴
429 2181 432 2188 r
452 2101 570 2167 indicia
591 2115 749 2191 possunt,
778 2101 1002 2192 tet-aliquando
1032 2115 1139 2170 tamen
1159 2103 1310 2181 fallacia,

453 2210 595 2286 L1,2s.
665 2293 668 2298 Ι

321 2317 441 2406 Capitis
459 2316 590 2382 vulnera
609 2318 634 2382 si
652 2339 753 2405 prope
770 2317 908 2382 orbitam
925 2319 1012 2394 sint,
1031 2337 1102 2404 quae
1118 2317 1265 2406 deceptio
1277 2317 1313 2384 sit

365 2429 397 2493 in
416 2449 527 2492 eorum
544 2427 760 2513 exploratione
777 2427 940 2502 cavenda,
967 2427 1046 2501 Lll‚
1067 2428 1112 2501 6,
1132 2451 1160 2512 7.

323 2533 442 2623 Capitis
459 2537 590 2599 vulnere
606 2535 789 2600 laborantes
802 2559 879 2598 num
897 2536 1014 2623 saepius
1027 2534 1236 2602 convulsione
1252 2585 1261 2610 ,
1279 2554 1313 2598 an

364 2643 500 2733 paralysi
517 2645 550 2708 in
569 2647 668 2710 latere
689 2644 834 2732 opposito
851 2645 1091 2732 corripiantur,
1110 2655 1142 2708 et
1160 2667 1237 2720 cur,
1255 2643 1312 2718 Ll,

364 2754 407 2831 46
425 2764 457 2816 et
475 2759 581 2838 seqq?

410 2862 442 2926 in
461 2861 497 2926 iis
521 2861 582 2926 alvi
601 2859 730 2937 fluxus,
749 2873 803 2924 aut
828 2863 970 2926 vomitus
986 2860 1116 2948 quando
1136 2862 1221 2928 inter
1237 2859 1313 2927 mala

454 2953 542 3058 signa
560 2991 624 3036 non
642 2971 683 3035 sit
701 2969 890 3058 ponendus,
920 2970 1002 3046 Lll·,
1036 2993 1088 3035 ar.

411 3079 490 3160 Quae
513 3103 530 3144 a
553 3078 695 3145 cohibito
725 3080 838 3167 spiritu
854 3081 894 3174 ‘in
919 3101 1031 3144 eorum
1060 3079 1228 3146 curatione
1251 3103 1313 3146 esse

452 3190 575 3277 possint
593 3189 749 3254 utilitates
770 3239 779 3264 ,
807 3199 839 3252 et
858 3209 927 3276 quae
956 3189 1129 3276 pericula,
1151 3189 1237 3266 Lll,
1267 3191 1309 3256 15.

411 3297 521 3364 curiis
538 3299 683 3368 cranium
699 3297 856 3373 terebrari
875 3297 908 3362 in
924 3297 1117 3385 quibusdam
1133 3298 1310 3364 civitatibus

454 3405 601 3488 desierit,
624 3405 703 3481 Lll,
732 3428 767 3470 12
783 3418 818 3470 et
833 3429 921 3494 seqq.
939 3427 941 3432 ’
1107 3493 1108 3496 ¹

410 3515 465 3580 ubi
498 3513 537 3578 de
572 3514 634 3578 hoc
663 3514 863 3590 dubitatur,
892 3537 956 3600 que
987 3513 1165 3578 secundum
1197 3528 1312 3580 veterat

455 3623 732 3710 recentioresque,
752 3635 784 3687 et
796 3646 857 3709 qua
871 3623 1019 3690 cautione
1035 3621 1218 3688 adhihenda
1235 3625 1309 3696 sint,

454 3733 540 3808 Lll,
575 3754 625 3796 ao.

410 3845 494 3913 inter
515 3864 551 3909 ea
575 3841 649 3904 felix
664 3838 862 3927 Ruyschiani
880 3839 1015 3910 lomenti
1034 3863 1109 3910 usus
1124 3841 1309 3932 comproba·

455 3961 519 4018 tur.
543 3948 633 4016 loto.
660 3961 694 4014 et
717 3970 769 4014 aa.

325 467 384 536 apa
454 512 457 520 ,
659 472 778 520 ranas
807 473 986 524 neutros

1407 2665 1408 2722 l

1407 2755 1408 2800 l
