2850 4676
324 419 384 506 198
659 437 776 482 11111111
800 435 981 483 serraca

408 551 551 636 exempla
565 550 596 612 in
615 550 807 614 ventriculos
820 550 1074 644 pervenientium
1089 599 1098 627 ,
1115 551 1310 642 aliorumque

451 660 627 747 ingentium
643 672 825 725 sanatorum
844 660 1037 726 indicantur.
1065 659 1156 726 Ibid.

408 769 553 857 quaedam
579 770 701 833 cerebri
737 767 858 835 credita
881 774 1034 848 vulnera,
1067 771 1106 836 ad
1136 773 1311 860 pituitarios

453 879 566 954 siuus,
596 892 628 943 et
658 879 726 944 nasi
760 901 870 964 caveas
899 880 1093 957 attinuisse,
1119 882 1310 970 conjicitur,
1401 881 1402 930 l

452 985 535 1063 LII,
558 990 611 1066 41.

327 1096 516 1164 Cerebrum.
534 1099 569 1164 ln
586 1121 625 1161 eo
641 1097 714 1162 vitia
728 1099 898 1186 peculiaris
922 1099 1046 1187 generis
1063 1100 1250 1177 observata,
1267 1097 1311 1175 V,

365 1209 409 1283 6,
430 1231 458 1294 7.
476 1207 546 1282 IX,
569 1208 628 1283 16,
652 1209 710 1283 18,
734 1231 782 1294 ¹9·
803 1205 911 1283 LVII,
938 1211 997 1287 14,
1020 1211 1069 1274 15.
1330 1283 1332 1287 ,

318 1316 456 1382 ¹Cerebri
474 1318 585 1381 intima
600 1341 670 1404 quae
688 1316 836 1382 videntur
859 1321 967 1384 ulcera
987 1317 1071 1406 quill
1087 1319 1171 1396 sint,
1190 1331 1223 1386 et
1237 1341 1312 1409 quo-

363 1425 574 1501 medellam,
594 1425 726 1502 llI,5,
754 1437 821 1512 7et
836 1449 923 1514 seqq.
940 1425 1059 1502 Xl‚8.
1165 1461 1169 1488 ·,

409 1560 467 1602 cur
484 1559 567 1622 saepe
586 1535 655 1601 hacc
675 1537 762 1624 juxta
793 1549 847 1601 aut
867 1537 950 1602 intra
967 1559 1084 1626 corpus
1102 1538 1247 1602 striatam
1263 1588 1271 1613 ,
1286 1547 1314 1601 et

455 1646 633 1712 thalamum
650 1647 742 1712 nervi¹
761 1647 859 1736 optici
880 1649 946 1712 sive
970 1671 986 1712 a
1004 1645 1144 1725 dextris,
1170 1647 1218 1713 III
1238 1697 1247 1722 ,
1268 1647 1310 1710 18.

454 1754 504 1832 V,
525 1779 554 1842 7.
574 1755 646 1832 XI,
669 1775 718 1819 12.

410 1863 505 1928 sivea
521 1863 674 1938 sinistris,
697 1861 805 1940 LXII,
826 1887 843 1948 7
860 1875 893 1927 et
915 1885 1003 1952 seqq.

325 1969 454 2038 Cerehri
472 1995 601 2060 magnas
618 1973 657 2036 ab
673 1971 798 2037 interna
820 1995 915 2037 causa
932 1973 1076 2038 laesiones
1094 1985 1207 2038 natura
1224 1974 1314 2038 inter-

368 2081 445 2145 dum
462 2081 501 2145 ad
524 2082 707 2146 cicatricem
725 2081 894 2170 perduxit,
919 2081 971 2158 II,
994 2085 1044 2147 16.
1069 2081 1138 2168 III,
1157 2083 1248 2168 6‚.7.

454 2190 624 2278 pure‘inde
644 2241 661 2266 ,,
678 2201 713 2255 ut
736 2189 835 2256 videri
855 2203 981 2279 potest,
1005 2215 1064 2280 per
1090 2193 1214 2258 urinam
1229 2192 1314 2280 ejec-

469 2311 512 2363 -to
532 2351 540 2375 ‚
566 2324 628 2387 qua
650 2299 690 2365 de
706 2325 741 2366 re
753 2300 884 2368 historia
902 2301 1075 2378 notabilis,
1097 2299 1152 2377 V,
1179 2304 1226 2368 15.

412 2421 466 2474 aut
482 2410 665 2485 imminuit,
681 2433 726 2504 lac
742 2409 797 2474 diu
814 2408 907 2487 tulit,
925 2411 974 2478 XI
990 2460 998 2487 ,
1023 2411 1042 2475 8
1056 2421 1087 2476 et
1103 2433 1191 2499 seqq.

413 2531 505 2582 caute
521 2531 627 2582 tamen
651 2519 774 2585 cerebri
796 2507 992 2608 apostemata
1013 2519 1175 2608 arguenda
1192 2533 1268 2586 suut
1282 2543 1315 2585 ca

411 2650 495 2714 pure
506 2650 564 2715 per
580 2651 671 2693 nares
691 2627 893 2715 profluente,
914 2627 984 2705 Vl,
1005 2629 1035 2692 5.
1056 2625 1156 2706 XIV,
1178 2651 1229 2696 22.

326 2735 459 2799 Cerebri
482 2738 624 2824 corporis
647 2738 754 2801 callosi
777 2749 918 2812 tractus,
943 2749 975 2802 et
990 2738 1104 2804 sulcia
1125 2750 1236 2804 natura
1255 2740 1314 2828 ipsa

295 2868 301 2888 ,
368 2845 455 2918 sint,
481 2869 519 2912 an
538 2869 577 2908 ex
593 2844 768 2919 accidenti,
788 2857 820 2913 et
838 2845 901 2910 hoo
918 2846 1108 2933 quomodo,
1129 2847 1228 2925 LXI,
1243 2850 1271 2914 6.

414 2951 453 3015 dc
477 2943 515 3015 ico
530 2975 666 3040 corpore
686 2954 831 3040 quaedam
850 2955 920 3018 alia.
945 2953 965 3020 I
969 2953 1036 3018 bid.
1114 3017 1117 3022 .

277 3060 281 3070 ¹
323 3057 456 3129 Cerehri
475 3063 640 3128 ventriculi
658 3065 801 3129 laterales
825 3083 917 3150 aequo
932 3065 1122 3143 breviores,
1142 3065 1203 3143 X,
1222 3089 1272 3152 17,

412 3171 445 3238 in
465 3171 539 3257 ipsis
556 3195 671 3257 aquam
691 3195 759 3236 esse
777 3172 958 3258 secundum
978 3186 1152 3250 naturam,
1178 3183 1312 3248 num‚et

424 3353 425 3356 Ἴ
457 3291 613 3366 quatenus
638 3280 741 3346 Littrii
771 3281 887 3370 probet
910 3281 943 3348 ln
965 3281 1078 3352 catulis
1106 3283 1310 3356 observatio,

459 3387 548 3463 XII,
571 3391 600 3455 5.

411 3521 514 3587 nuper
533 3497 689 3586 effusam,
719 3511 773 3564 eut
789 3511 920 3576 contra,
938 3499 1055 3578 luisse,
1077 3500 1221 3579 indicia,
1245 3499 1306 3574 IV,

442 3607 511 3680 16.
533 3607 601 3682 IX,
624 3631 672 3695 ¹⁰:
695 3607 829 3686 LXIX,
857 3633 934 3675 10„
1048 3608 1051 3614 ’

412 3716 680 3803 etiam-limpida,
705 3729 737 3781 et
761 3741 863 3806 pauca
888 3741 953 3787 non
969 3717 1066 3783 modo
1090 3713 1243 3794 effeetus,
1262 3713 1312 3780 sed

456 3837 489 3892 ct
511 3847 605 3893 causa
627 3823 788 3895 interdum
808 3817 876 3894 esse
897 3839 1004 3920 potest
1023 3828 1213 3895 morborum
1236 3847 1313 3895 cere·
