2850 4676
340 466 390 508 ur
414 465 538 508 nnauu
563 464 830 512 sosarmus.
1024 445 1086 530 257

177 591 280 658 genus
294 571 380 638 aliud
396 609 404 647 ,
422 572 509 659 quod
523 575 620 640 seroti
637 573 780 662 hydrops
798 573 916 642 dititur
931 621 940 652 ,
957 575 990 640 in
1007 573 1086 640 asci-

221 673 293 745 'tiois
311 682 474 769 quomedo
496 682 563 748 fiat.
590 682 680 748 ltin.
709 685 762 748 55.

265 803 298 854 et
310 791 595 876 quomodotamen
608 791 701 860 alitor
714 792 895 880 aliquando.
918 791 939 858 Ι
942 791 1010 856 bid.

171 895 373 985 hydrocete,
399 900 424 966 si
454 925 563 966 revera
594 901 630 966 sit
650 903 794 967 'erebrius
819 927 835 967 a
862 901 1020 973 sinistris;
1051 899 1084 965 id
1209 935 1212 962 t

217 1009 381 1094 quomodo
399 1009 513 1075 melius
527 1011 627 1100 possit
643 1011 805 1100 explicari.
832 1010 924 1076 Ibid.
955 1012 1008 1088 54.

170 1115 203 1180 In
221 1115 310 1204 ipsa,
332 1130 367 1183 et
384 1117 545 1206 plerisque
566 1117 738 1208 illegitimis
761 1119 882 1184 herniis
894 1117 1081 1208 gignendis,

213 1223 400 1291 Iovendisve
417 1241 573 1314 quantum
589 1279 598 1303 ‚
615 1240 648 1292 et
670 1251 729 1294 cur
750 1229 873 1316 possint
889 1249 977 1294 venae
993 1251 1084 1316 sper-

214 1335 463 1401 matioae.lbid.
488 1339 551 1414 55,
576 1339 629 1415 54.
693 1403 697 1411 ,
757 1372 758 1380 ¹

136 1483 139 1492 ·
165 1464 238 1528 quae
261 1443 389 1510 vitanda
405 1446 491 1522 sint,
509 1471 550 1512 ne
565 1445 626 1512 illae
644 1457 833 1534 augeantur.
860 1445 951 1512 ltnt.
976 1448 1029 1526 54.

82 1545 215 1615 Herniae.
243 1552 406 1621 Cirsooele
424 1558 491 1621 sola
514 1556 645 1622 ramicis
664 1555 830 1620 nomInea
852 1555 946 1621 Celso
964 1555 1083 1620 intelli-

123 1657 229 1746 gitur,
254 1660 393 1738 XLIII,
429 1665 483 1729 56.
563 1671 565 1678 ’

166 1770 342 1838 sarcoooIe.
366 1773 414 1837 Do
448 1773 519 1862 ojus
546 1785 681 1849 natura,
707 1785 741 1838 et
760 1773 836 1840 sede
860 1773 929 1839 aliae
948 1772 1085 1840 aliorum

214 1881 391 1945 sententiae.
417 1880 508 1946 ltin.
537 1883 590 1946 58.

260 1989 337 2076 quid
360 1992 484 2056 censori
501 1991 610 2078 possit.
642 1989 733 2058 [bid.
759 1993 823 2078 57,
848 1993 941 2056 58.

134 2097 341 2164 steato'oele
349 2100 554 2190 quomodo
545 2124 579 2166 m
605 2113 712 2166 scroto
736 2101 893 2189 gignatur.
913 2099 1003 2165 lttd.
1027 2068 1084 2187 57

166 2211 402 2296 spermatooele
418 2209 612 2296 aquibus
588 2209 842 2285 eunomiana,
861 2209 1085 2284 ethone,ant

213 2337 307 2382 secus
324 2318 492 2384 observata
506 2317 605 2388 fuerit
618 2329 652 2383 et
672 2320 839 2406 explicata.
858 2318 879 2383 I
882 2318 949 2383 tat.
975 2321 1028 2406 59.

71 2510 74 2519 y
256 2451 307 2492 res
316 2426 500 2494 declaratur
511 2429 772 2496 observationum
781 2431 943 2518 exemplis.
960 2429 979 2494 I
983 2427 1012 2493 t.
1029 2433 1081 2509 4ο.

81 2531 224 2613 Hertius,
243 2535 385 2604 «Ioannes
397 2531 608 2624 uCasiniirus,
633 2539 806 2616 laudatus,
836 2538 934 2616 LVI,
959 2541 1012 2618 54.

81 2639 246 2732 Highmori
269 2645 506 2724 hallucinatio,
531 2647 638 2725 XIV,
661 2651 714 2715 50.

81 2749 205 2821 Hildani
224 2755 457 2824 observationis
479 2755 652 2847 cujusdam
668 2759 838 2847 explicatio
851 2781 917 2823 non
931 2757 1064 2846 probata
1075 2805 1092 2834 ,

123 2861 231 2939 XIII,
255 2887 307 2930 ao.

82 2967 294 3049 Hilsoherus,
326 2973 437 3042 Simon
458 2973 599 3054 Paulus,
625 2975 659 3040 P.
687 2974 773 3042 Prof.
809 2973 983 3052 Janensis,
1013 2979 1085 3042 Iau-

123 3079 241 3159 datus‚
271 3081 436 3160 XLVIII,
465 3085 514 3150 16.

84 3183 284 3276 Hippocratis
316 3190 529 3279 Aphorismus
567 3193 608 3258 de'
634 3192 752 3280 hepate
784 3211 866 3280 aqua
897 3191 1022 3281 pleno'
1051 3197 1084 3262 in

124 3311 291 3367 omentum
312 3315 513 3390 urrumpento
527 3303 725 3391 explicatus
744 3299 943 3376 XXXVIII,
974 3304 1026 3369 56.

167 3409 208 3474 de
221 3409 360 3497 aphonia
380 3434 419 3475 ex
436 3412 591 3477 ebrietate
614 3410 855 3488 consideratus,
873 3415 1083 3522 exemploque
1164 3398 1166 3404 ’

211 3518 443 3596 confirmatus,
473 3521 573 3598 XIV,
601 3523 644 3600 54
667 3534 699 3586 at
719 3521 807 3616 seqq.

256 3649 322 3692 non
346 3628 416 3693 sine
437 3629 678 3732 axa'optionibus
696 3643 824 3704 tamen,
844 3627 977 3703 LXIII,
1007 3631 1056 3708 (4.

167 3733 209 3800 tle
220 3733 505 3826 strangulatorum
540 3761 687 3826 spuma,
713 3761 787 3802 eum
810 3739 1018 3824 exceptione,
1048 3749 1085 3803 ut

212 3841 591 3933 saepealiiIIphorismi,
610 3844 843 3934 accipiendus,
858 3845 960 3921 XIX,
975 3847 1029 3911 56.

167 3951 208 4018 de
232 3954 296 4018 cito
315 3953 427 4022 lethali
444 3954 626 4024 atrabilaria
643 3955 828 4045 dejectione
849 3954 1082 4073 ooniirmatur,

213 4060 354 4140 XXIX,
385 4087 435 4131 11.

175 4327 183 4382 I
