2850 4676
274 372 337 450 214
611 397 733 442 innox
756 399 944 444 nourru‘u

273 825 495 892 Dnuecuauru
519 820 749 906 hallucinatio,
773 823 869 900 LIII,
889 824 922 888 6.

363 956 427 998 non
450 933 626 997 necessaria
643 931 789 1020 quaedam
811 933 843 997 in
865 931 968 996 Plinio
991 929 1155 996 dubitatio
1177 983 1185 1007 ‚
1205 931 1280 1009 LV,

417 1062 466 1104 12.

279 1147 456 1214 Decuhitus
470 1149 501 1212 in
515 1150 650 1213 alterum
666 1149 749 1213 latus
767 1148 904 1214 difficilis
918 1173 982 1214 non
999 1103 1128 1239 semper
1144 1151 1186 1214 ob
1200 1174 1284 1214 eam·
1399 1205 1400 1232 ,

323 1257 396 1322 dem
415 1281 517 1322 causae
533 1257 663 1336 sedem,
678 1257 777 1334 XVI,
797 1281 853 1331 11,
879 1259 927 1324 15.
950 1257 1036 1336 XX,
1056 1282 1120 1345 19,
1142 1282 1202 1346 27,
1221 1261 1281 1337 Aa,
1399 1235 1400 1270 i

323 1368 377 1445 45.
399 1365 505 1440 XXI,
533 1368 585 1430 25.
609 1364 813 1444 XXXVIII,
837 1368 878 1442 5,
900 1369 958 1445 14,
988 1392 1039 1454 17.
1399 1397 1400 1408 1

370 1477 402 1543 in
427 1476 556 1544 dorsum
579 1475 728 1544 facilioris
753 1487 810 1550 aut
827 1475 1014 1544 difficilioris
1035 1477 1070 1543 in
1090 1475 1288 1564 quibusdam

416 1585 556 1652 thoracis
572 1584 904 1659 inflammationibus,
925 1597 958 1650 et
983 1587 1111 1654 ensibus
1135 1583 1205 1650 aliis
1219 1607 1292 1650 cau·
1399 1635 1400 1638 ¹

419 1719 460 1760 sae
476 1697 711 1783 inquiruntur,
727 1696 812 1772 XX,
837 1699 902 1772 25,
924 1695 989 1768 25,
1009 1695 1062 1760 51.
1083 1695 1191 1769 XXI,
1216 1695 1266 1758 25.
1399 1721 1400 1728 ¹

215 1829 217 1835 ·
282 1805 456 1894 Deglutitio
469 1807 636 1892 potionum
649 1805 812 1892 quomodo
826 1805 900 1882 fiat,
920 1818 953 1870 et
966 1805 1086 1892 quibus
1100 1803 1207 1870 causis
1224 1817 1293 1867 tur
1399 1855 1400 1860 ,

326 1915 443 1991 betur,
468 1914 644 1991 XXVIII,
678 1916 727 1980 15.

252 2097 260 2106 ,
375 2023 480 2088 ultimi
513 2023 580 2100 boli
617 2023 780 2112 quomodo
807 2045 1041 2112 nonnunquam
1079 2022 1290 2112 impediatur.

420 2132 590 2210 XXVIII,
626 2135 673 2212 14,

285 2243 539 2332 Deglutitiouem
557 2242 775 2331 impedientes
802 2264 906 2308 causae
929 2241 1009 2308 aliae.
1029 2241 1050 2309 I
1054 2241 1119 2329 lid.
1137 2255 1170 2306 et
1187 2265 1273 2330 seqq.

287 2349 514 2440 Deglutitiouis
532 2353 563 2416 in
580 2352 645 2416 imo
658 2350 831 2440 oesophago
850 2350 1022 2419 difficultas
1036 2351 1144 2428 uuile,
1158 2351 1293 2428 XXIII,

334 2461 364 2524 5.
392 2459 563 2537 XXVIII,
594 2459 631 2525 15
651 2470 684 2524 ot
704 2483 793 2547 seqq.
1092 2519 1095 2524 .

290 2566 512 2658 Deglutitione
534 2568 707 2656 impedita,
729 2567 869 2655 quidde
892 2569 1165 2658 pharyugotomia
1183 2593 1201 2632 a
1216 2567 1301 2634 Stol—
1399 2623 1400 2650 ,

335 2676 410 2744 felin
430 2675 598 2753 iudicata,
630 2675 828 2742 censendum
848 2676 898 2742 sit.
919 2675 1011 2742 [titt.
1084 2694 1088 2707 ”
1133 2763 1136 2768 Ι

381 2785 544 2874 quodnam
562 2785 648 2850 aliud
661 2785 817 2850 auxilium
830 2785 1041 2858 tentandum,
1058 2784 1222 2862 XXVIII,
1246 2787 1296 2863 14.
1399 2837 1400 2840 ¹

294 2896 485 2984 Dagnerus,
507 2894 558 2959 Jo.
591 2895 682 2962 Haut.
710 2918 749 2960 ex
778 2894 859 2960 Caes.
880 2893 986 2962 Acad.
1010 2895 1048 2962 N.
1067 2893 1103 2960 C.
1127 2895 1301 2970 laudatus,

342 3003 541 3079 XXXVIII,
560 3005 613 3070 61.
642 3003 677 3069 L.
699 3005 752 3070 58.

281 3113 433 3202 ‘Dejecta
456 3114 524 3201 pisa
548 3113 660 3198 quinto
697 3137 736 3178 ex
757 3135 822 3200 quo
845 3124 986 3178 comesta
1008 3113 1164 3190 fuerant,
1197 3135 1305 3178 meuse

345 3245 406 3310 qua
420 3223 452 3287 in
467 3222 586 3288 ventris
602 3233 694 3309 parte
706 3221 879 3286 subsistere
889 3222 1071 3308 potuerint,
1091 3221 1229 3298 XXXI,
1250 3245 1300 3308 27.

300 3331 507 3418 Dejectiones
524 3330 633 3418 nigrae.
664 3329 694 3392 V
697 3329 744 3394 id.
766 3311 843 3396 Bilis
857 3341 935 3394 atro.
981 3367 986 3376 ·

300 3439 482 3508 Delirautes
504 3463 567 3527 qua
596 3437 722 3504 cautela
746 3437 909 3504 vinciendi
928 3486 938 3514 ,
955 3437 1054 3514 VIII,
1070 3439 1104 3504 ¹5.
1129 3437 1229 3514 IIXI,
1256 3437 1302 3502 15.

196 3613 199 3618 .
302 3548 424 3616 Deliria
441 3549 575 3614 sudores
592 3547 785 3612 universales
804 3547 991 3634 sequentia,
1005 3559 1039 3614 et
1055 3570 1131 3622 cur,
1152 3545 1233 3623 VII,
1255 3545 1302 3610 16.

304 3656 499 3723 Deliriorum
520 3679 623 3720 causae
643 3654 718 3720 alias
732 3656 799 3720 alim
822 3669 983 3744 repertae,
1006 3655 1093 3729 VII,
1116 3657 1147 3718 8.

303 3765 459 3833 Delirium
479 3763 641 3851 quomodo
659 3776 714 3828 aut
729 3765 931 3851 praecedere,
953 3777 1011 3829 aut
1027 3764 1117 3853 sequi
1134 3764 1234 3852 possit
1248 3785 1308 3852 pe·

350 3874 630 3962 ripneumoniam,
648 3873 751 3951 XXI,
781 3869 829 3960 7.
