2850 4676
345 380 409 444 218
672 409 796 452 ruurx
819 411 1008 460 rourauu

428 533 562 578 mucosa
589 525 622 578 et
647 539 780 582 carnosa
802 543 873 607 quae
902 519 1119 610 dejiciuntur,
1147 524 1227 614 quid
1258 547 1336 613 sape

476 621 550 688 siut.
569 622 663 690 Ibid.
682 650 720 716 ¹7
736 677 745 703 ,
776 632 825 694 18.

432 741 465 793 et
481 743 559 797 Iuno
576 756 593 797 a
614 739 796 805 oaruuoulis
825 740 932 808 miuus
947 741 1139 810 timendum.
1161 743 1183 810 I
1185 743 1253 808 bid.

353 855 359 864 ’
432 838 509 926 quid
527 841 591 908 sint
611 843 858 924 intestinorum,
885 862 920 916 ut
939 850 1110 929 videntur,
1133 853 1334 920 membrana.

478 947 568 1013 laid.
590 963 622 1016 et
638 975 728 1039 seqq.

434 1056 512 1142 quid
535 1061 706 1148 aliquando
727 1085 796 1128 esse
812 1065 946 1152 possint.
970 1066 1060 1134 Ibid.
1083 1071 1137 1136 od.

435 1169 562 1255 sanguis
586 1172 749 1258 quomodo
775 1175 875 1262 possit
896 1176 979 1242 iutra
1004 1177 1155 1246 intestina
1179 1178 1336 1248 exsudare.

480 1274 571 1342 Ibid.
599 1292 632 1344 et
656 1283 717 1358 25,
745 1285 797 1362 ad.

350 1373 547 1466 Dysenteriae
564 1385 688 1456 lethalis
702 1392 735 1456 in
750 1393 836 1471 fine,
860 1395 1033 1464 caessaris
1053 1397 1219 1466 interdum
1237 1398 1341 1463 abiisse
1404 1415 1405 1442 ¹

395 1491 551 1560 videatur.
578 1495 669 1564 Ibid.
692 1503 744 1566 26.
772 1501 925 1582 XXXV,
955 1509 1007 1604 ²V·

351 1594 547 1686 Dysenteriae
574 1609 752 1676 succedens
771 1623 934 1682 tenesmos
958 1616 1045 1683 unde
1067 1640 1136 1684 esse
1160 1619 1339 1706 plerumque

394 1712 518 1788 soleat,
540 1715 676 1794 XXXI,
708 1743 759 1808 27.

439 1823 518 1910 quid
544 1837 652 1900 tamen
671 1832 712 1896 sit
734 1856 968 1923 nonnunquam
985 1836 1190 1914 timendum,
1216 1835 1342 1924 quadam

406 1953 408 1962 ’
485 1933 646 2003 Iudicatur
661 1939 804 2008 historia.
823 1943 915 2010 loia.
943 1947 995 2012 28.

840 2153 878 2226 E..

355 2355 526 2422 Eumaeus.
556 2354 604 2421 Ab
627 2355 689 2424 hac
713 2358 807 2426 allata
821 2357 1024 2440 ¹detrdmenta
1044 2361 1154 2444 ,‚·V1,
1178 2385 1211 2448 q.

443 2465 483 2527 ab
506 2464 621 2532 eadem
640 2467 770 2536 Inducta
793 2469 942 2558 aphonia.
971 2472 1002 2536 V
1005 2470 1052 2536 ἑά.
1075 2469 1235 2558 Aphonia.

355 2573 649 2664 Edinhurgeusium
692 2579 956 2648 observationum
999 2594 1146 2650 auctores
1197 2577 1347 2650 laudati,

399 2686 589 2763 XXXVII,
621 2691 670 2754 15.
936 2759 939 2769 ,

355 2791 492 2862 Elastica
512 2798 558 2862 vis
579 2789 748 2865 a'Platone
764 2797 926 2888 descripta
946 2851 955 2876 ,
984 2798 1040 2875 V,
1068 2800 1118 2884 18.

354 2904 497 2971 Ellebori
512 2907 596 2998 nigri
620 2919 801 2976 extractum
819 2933 890 2997 quae
904 2905 990 2976 mala
1012 2907 1166 2974 attulerit.
1190 2904 1271 2971 Via.
1292 2901 1348 2970 Ve-

398 3038 491 3080 neua.

356 3122 500 3201 Ellerus,
525 3123 577 3190 Io.
606 3125 728 3192 Theod.
754 3128 899 3196 Archiat.
925 3126 1006 3219 Reg.
1032 3126 1164 3196 Boruss.
1184 3122 1348 3194 laudatus,
1405 3149 1406 3156 ¹

399 3233 586 3314 XXXVII,
612 3259 663 3301 21.
686 3237 787 3314 LIX,
810 3262 841 3324 q.
873 3237 987 3316 LXV,
1015 3239 1064 3315 14.

356 3343 487 3421 Emett,
506 3345 588 3412 Roh.
612 3371 652 3412 ex
667 3347 744 3444 Reg.
773 3347 847 3416 Soc.
876 3347 929 3414 So.
954 3343 1166 3439 Monspolieu.
1182 3341 1347 3414 laudatus,

401 3457 507 3534 XIX,
533 3458 584 3536 ad.
964 3445 969 3456 ⁵

356 3565 572 3654 Emphysema
588 3589 654 3634 uon
670 3567 802 3658 oritura
820 3565 1007 3633 vulneribus
1025 3563 1183 3646 duntaxat
1200 3583 1270 3650 quae
1283 3558 1349 3624 tho-

400 3699 532 3753 racem,
551 3689 605 3741 aut
627 3701 773 3764 asperam
786 3677 937 3742 arteriam
954 3676 1116 3747 subeunt,
1135 3671 1226 3747 LIV,
1243 3672 1284 3748 5,
1300 3669 1346 3752 57·

357 3782 563 3872 Emulgeutes
588 3785 710 3858 arteriae
735 3786 882 3874 quaedam
907 3797 989 3850 naras
1018 3808 1036 3848 e
1067 3780 1175 3848 media
1199 3777 1348 3846 anteriore

402 3907 490 3960 aorta
510 3897 605 3988 paulo
624 3877 877 3994 supralfilia'oas,
898 3887 1070 3970 XXXVI,
1094 3893 1147 3962 ad·
1276 3905 1279 3910 '
