2880 4674
462 441 501 508 is
537 463 818 514 causvsnisus.
1104 475 1140 541 7¹

138 573 277 672 Gesslsri
295 570 549 660 hemispherium
565 570 701 638 alterum
713 597 753 640 ax
768 573 842 642 aIbo
862 578 963 646 viride
975 603 1090 670 magna
1104 603 1144 650 ux

187 695 298 772 partu,
320 681 378 746 LII
395 731 404 757 ,
430 683 482 746 25.

233 789 379 858 nonnihil
396 813 524 856 mosum
541 841 550 866 ,
572 789 643 868 XI,
665 814 695 856 a.

234 903 326 967 altius
344 923 473 966 mosum
489 950 498 975 ‚
521 899 587 977 LI,
612 902 676 980 44,
695 902 749 981 45.

235 1023 424 1100 corruptum
441 1009 546 1096 aliqua
564 1032 603 1074 ex
624 1022 735 1098 parte,
760 1011 799 1089 I,
821 1013 852 1079 6.

279 1119 320 1184 ad
336 1119 423 1205 pomi
440 1118 717 1206 magnitudinem,
741 1119 824 1198 LII,
843 1123 895 1188 28.

235 1228 412 1299 substantia
434 1239 559 1292 certum
585 1227 625 1292 ad
644 1230 784 1316 spatium
804 1233 894 1318 quasi
911 1232 1096 1314 diffluente,
1114 1250 1148 1304 et
1201 1233 1209 1250 ⁶

279 1339 387 1402 colore
404 1337 579 1425 sanguineo
603 1337 770 1414 obsoleto,
792 1339 907 1418 LVII,
936 1345 987 1422 14.

236 1469 311 1512 cum
326 1447 398 1512 sinu
416 1447 450 1512 in
469 1447 646 1514 substantia
666 1461 837 1534 corrupta,
862 1437 934 1528 XI,
957 1453 988 1517 6.

236 1579 310 1621 cum
327 1558 496 1631 abscessu,
513 1555 541 1622 V
559 1604 568 1634 ‚
596 1579 626 1623 s.

236 1689 312 1731 sum
333 1666 482 1731 abscessu
508 1689 634 1754 parvo,
659 1689 719 1756 pus
747 1689 890 1733 crassum
915 1668 1016 1746 viride
1044 1672 1150 1738 conti-

281 1788 403 1852 nente,
429 1773 497 1852 LI,
524 1798 574 1862 ¹9·

237 1909 311 1952 cum
330 1885 486 1952 abscessu
504 1886 553 1951 sui
575 1884 718 1974 generis,
735 1883 787 1962 V,
811 1886 845 1950 6,

237 2018 313 2060 cum
330 1999 438 2061 ulcsm
455 1994 606 2067 sanioso,
630 1992 671 2058 LI
688 2043 697 2070 ,
728 1996 803 2060 28.-

238 2105 322 2170 intus
349 2103 492 2170 lanarum
515 2115 768 2190 excavatumque
787 2127 805 2169 a
824 2105 1000 2194 sanguina,
1021 2106 1088 2184 III,
1110 2132 1149 2187 s,
1189 2087 1195 2100 ’

282 2217 324 2293 4,
348 2215 386 2291 6,
410 2210 609 2298 17.LX,2.
632 2211 805 2299 LXII‚9,
829 2238 879 2279 ιι.

223 2327 313 2390 'cum
330 2343 408 2390 cavo
419 2321 559 2408 quodam
580 2321 715 2409 majori,
740 2322 773 2387 in
794 2344 859 2409 quo
875 2347 984 2389 serum
996 2323 1148 2403 fuscum,

188 2471 191 2478 ·
283 2441 319 2500 οῖ’
330 2432 458 2521 sanguis
480 2443 672 2505 concretus,
693 2431 761 2508 IX,
782 2455 833 2497 ao.

238 2565 314 2608 cum
328 2563 406 2608 cavo
426 2539 566 2628 quodam
583 2541 723 2617 minori,
740 2540 849 2629 inquo
864 2561 973 2608 senum
990 2563 1065 2610 cum
1077 2541 1153 2610 fila-

284 2650 426 2728 mentis‚
450 2647 524 2725 III,
542 2650 594 2715 25.
1104 2651 1106 2654 ’

284 2757 381 2846 plenu
398 2757 485 2823 musi
502 2757 714 2834 samisiccati,
740 2757 812 2834 III,
833 2757 864 2822 6.

286 2871 381 2958 pleno
398 2865 482 2955 nigri
503 2866 690 2955 sanguinis,
713 2865 842 2943 LXIII,
872 2868 929 2932 15.

241 2975 409 3044 subsidens
421 2975 462 3040 ob
479 2976 748 3063 comprimentem
763 2976 974 3065 sanguinem,
993 2975 1051 3044 LII
1066 3028 1078 3055 ,
1095 2980 1151 3044 In.

245 3089 373 3152 vulnere
391 3087 455 3150 alte
471 3084 694 3172 perforatum,
712 3083 772 3161 LI,
793 3085 854 3164 54,
870 3085 923 3171 57.
974 3143 977 3152 .

290 3198 352 3260 alte
373 3196 550 3260 laceratum
571 3191 726 3269 vulnere,
752 3191 813 3269 LI,
835 3193 888 3258 55.

290 3303 424 3368 vulnere
448 3303 480 3367 in
503 3325 568 3390 quo
584 3313 755 3370 concretus
776 3303 924 3392 sanguis,
947 3301 1014 3380 LI,
1042 3303 1100 3371 55.

334 3415 367 3477 in
387 3433 452 3500 quo
466 3434 574 3476 serosa
590 3409 765 3489 colluvies,
791 3410 857 3489 LI,
874 3414 930 3491 44.

260 3607 263 3614 .
335 3523 368 3586 in
388 3544 452 3609 qun
468 3519 612 3584 saniosus
632 3519 780 3595 humor,
804 3519 847 3586 LI
864 3568 876 3597 ,
896 3521 952 3599 45.

152 3631 291 3702 Cerebri
312 3629 467 3696 callosum
488 3649 604 3717 corpus
628 3627 762 3724 laxum,
786 3627 898 3707 LXII,
925 3631 975 3696 ι5.

335 3739 368 3803 in
389 3761 429 3804 so
451 3736 515 3802 duo
535 3735 639 3815 sulci,
660 3735 766 3814 VIII,
791 3739 825 3804 6.

337 3857 459 3912 tractus
472 3845 650 3912 seeundum
665 3846 917 3935 longitudinem,
932 3844 1072 3935 quodam
1086 3845 1161 3914 Iucu

382 3954 589 4044 duplicatus,
612 3955 714 4036 LXI,
738 3957 772 4024 5.
