<?xml version="1.0" encoding="UTF-8"?>
<!DOCTYPE html PUBLIC "-//W3C//DTD XHTML 1.0 Transitional//EN"
    "http://www.w3.org/TR/xhtml1/DTD/xhtml1-transitional.dtd">
<html xmlns="http://www.w3.org/1999/xhtml" xml:lang="en" lang="en">
 <head>
  <title>
</title>
<meta http-equiv="Content-Type" content="text/html;charset=utf-8" />
  <meta name='ocr-system' content='tesseract 3.04.00' />
  <meta name='ocr-capabilities' content='ocr_page ocr_carea ocr_par ocr_line ocrx_word'/>
</head>
<body>
  <div class='ocr_page' id='page_1' title='image "./desedibusetcaus04adelgoog_0250.png"; bbox 0 0 2850 4676; ppageno 0'>
   <div class='ocr_carea' id='block_1_1' title="bbox 347 427 1100 504">
    <p class='ocr_par' dir='ltr' id='par_1_1' title="bbox 347 427 1100 504">
     <span class='ocr_line' id='line_1_1' title="bbox 347 427 1100 504; baseline -0.007 -9"><span class='ocrx_word' id='word_1_1' title='bbox 347 449 397 495; x_wconf 77' lang='lat' dir='ltr'><strong>rr</strong></span> <span class='ocrx_word' id='word_1_2' title='bbox 428 449 559 494; x_wconf 77' lang='lat' dir='ltr'><strong>rursu</strong></span> <span class='ocrx_word' id='word_1_3' title='bbox 587 437 852 496; x_wconf 74' lang='lat' dir='ltr'><strong>uorsrrrruu.</strong></span> <span class='ocrx_word' id='word_1_4' title='bbox 1037 427 1100 504; x_wconf 72' lang='lat'><strong>245</strong></span> 
     </span>
    </p>
   </div>
   <div class='ocr_carea' id='block_1_2' title="bbox 91 551 1108 2494">
    <p class='ocr_par' dir='ltr' id='par_1_2' title="bbox 91 551 1108 2494">
     <span class='ocr_line' id='line_1_2' title="bbox 91 551 1108 643; baseline 0 -25"><span class='ocrx_word' id='word_1_5' title='bbox 91 551 427 642; x_wconf 79' lang='lat' dir='ltr'><strong>Hypochondriorum</strong></span> <span class='ocrx_word' id='word_1_6' title='bbox 461 555 553 622; x_wconf 87' lang='lat' dir='ltr'><strong>dolor</strong></span> <span class='ocrx_word' id='word_1_7' title='bbox 575 557 745 643; x_wconf 80' lang='lat' dir='ltr'><strong>aliquando</strong></span> <span class='ocrx_word' id='word_1_8' title='bbox 772 572 841 622; x_wconf 82' lang='lat' dir='ltr'><strong>esso</strong></span> <span class='ocrx_word' id='word_1_9' title='bbox 868 565 973 643; x_wconf 84' lang='lat' dir='ltr'><strong>potest</strong></span> <span class='ocrx_word' id='word_1_10' title='bbox 1005 566 1060 619; x_wconf 81' lang='lat' dir='ltr'><strong>sut</strong></span> <span class='ocrx_word' id='word_1_11' title='bbox 1080 575 1108 618; x_wconf 81' lang='lat' dir='ltr'><strong>a·</strong></span> 
     </span>
     <span class='ocr_line' id='line_1_3' title="bbox 143 661 1096 753; baseline -0.002 -25"><span class='ocrx_word' id='word_1_12' title='bbox 143 663 326 751; x_wconf 84' lang='lat' dir='ltr'><strong>subjectis,</strong></span> <span class='ocrx_word' id='word_1_13' title='bbox 344 675 399 728; x_wconf 83' lang='lat' dir='ltr'><strong>aut</strong></span> <span class='ocrx_word' id='word_1_14' title='bbox 420 687 437 728; x_wconf 84' lang='lat' dir='ltr'><strong>a</strong></span> <span class='ocrx_word' id='word_1_15' title='bbox 454 666 661 753; x_wconf 81' lang='lat' dir='ltr'><strong>superpositis</strong></span> <span class='ocrx_word' id='word_1_16' title='bbox 677 667 841 753; x_wconf 83' lang='lat' dir='ltr'><strong>pertibus,</strong></span> <span class='ocrx_word' id='word_1_17' title='bbox 860 661 1026 738; x_wconf 91' lang='lat' dir='ltr'>XXXVI,</span> <span class='ocrx_word' id='word_1_18' title='bbox 1043 685 1096 727; x_wconf 78' lang='lat'><strong>21.</strong></span> 
     </span>
     <span class='ocr_line' id='line_1_4' title="bbox 190 770 1099 861; baseline 0.001 -26"><span class='ocrx_word' id='word_1_19' title='bbox 190 770 265 836; x_wconf 87' lang='lat' dir='ltr'><strong>iude</strong></span> <span class='ocrx_word' id='word_1_20' title='bbox 288 771 464 836; x_wconf 82' lang='lat' dir='ltr'><strong>ascendens</strong></span> <span class='ocrx_word' id='word_1_21' title='bbox 488 793 588 847; x_wconf 80' lang='lat' dir='ltr'><strong>eura,</strong></span> <span class='ocrx_word' id='word_1_22' title='bbox 613 786 646 838; x_wconf 89' lang='lat' dir='ltr'><strong>et</strong></span> <span class='ocrx_word' id='word_1_23' title='bbox 669 773 729 838; x_wconf 81' lang='lat' dir='ltr'><strong>alis</strong></span> <span class='ocrx_word' id='word_1_24' title='bbox 750 771 909 861; x_wconf 84' lang='lat' dir='ltr'><strong>ejusmodi</strong></span> <span class='ocrx_word' id='word_1_25' title='bbox 933 770 1099 837; x_wconf 89' lang='lat' dir='ltr'><strong>interdum</strong></span> 
     </span>
     <span class='ocr_line' id='line_1_5' title="bbox 235 878 1099 969; baseline 0 -25"><span class='ocrx_word' id='word_1_26' title='bbox 235 879 268 944; x_wconf 89' lang='lat' dir='ltr'><strong>iu</strong></span> <span class='ocrx_word' id='word_1_27' title='bbox 281 880 439 967; x_wconf 80' lang='lat' dir='ltr'><strong>organicis</strong></span> <span class='ocrx_word' id='word_1_28' title='bbox 456 879 598 946; x_wconf 81' lang='lat' dir='ltr'><strong>thoracis</strong></span> <span class='ocrx_word' id='word_1_29' title='bbox 619 881 740 946; x_wconf 89' lang='lat' dir='ltr'><strong>morbis</strong></span> <span class='ocrx_word' id='word_1_30' title='bbox 758 881 945 969; x_wconf 88' lang='lat' dir='ltr'><strong>decipiunt,</strong></span> <span class='ocrx_word' id='word_1_31' title='bbox 964 878 1099 955; x_wconf 83' lang='lat' dir='ltr'><strong>xvltt,</strong></span> 
     </span>
     <span class='ocr_line' id='line_1_6' title="bbox 240 989 382 1072; baseline 0.008 -21"><span class='ocrx_word' id='word_1_32' title='bbox 240 1009 304 1072; x_wconf 85' lang='lat'><strong>17,</strong></span> <span class='ocrx_word' id='word_1_33' title='bbox 332 989 382 1052; x_wconf 74' lang='lat'><strong>18.</strong></span> 
     </span>
     <span class='ocr_line' id='line_1_7' title="bbox 92 1093 1096 1185; baseline 0.002 -26"><span class='ocrx_word' id='word_1_34' title='bbox 92 1093 276 1183; x_wconf 83' lang='lat' dir='ltr'><strong>IIystcrioae</strong></span> <span class='ocrx_word' id='word_1_35' title='bbox 298 1093 481 1162; x_wconf 79' lang='lat' dir='ltr'><strong>affectiones</strong></span> <span class='ocrx_word' id='word_1_36' title='bbox 511 1095 589 1182; x_wconf 88' lang='lat' dir='ltr'><strong>quid</strong></span> <span class='ocrx_word' id='word_1_37' title='bbox 617 1097 744 1185; x_wconf 85' lang='lat' dir='ltr'><strong>proprie</strong></span> <span class='ocrx_word' id='word_1_38' title='bbox 778 1097 873 1174; x_wconf 89' lang='lat' dir='ltr'><strong>sint,</strong></span> <span class='ocrx_word' id='word_1_39' title='bbox 902 1094 1011 1172; x_wconf 87' lang='lat' dir='ltr'>XLV,</span> <span class='ocrx_word' id='word_1_40' title='bbox 1037 1119 1096 1183; x_wconf 84' lang='lat'><strong>17,</strong></span> 
     </span>
     <span class='ocr_line' id='line_1_8' title="bbox 144 1205 971 1291; baseline 0.004 -23"><span class='ocrx_word' id='word_1_41' title='bbox 144 1225 218 1281; x_wconf 66' lang='grc' dir='ltr'><strong>ευ,</strong></span> <span class='ocrx_word' id='word_1_42' title='bbox 251 1223 303 1291; x_wconf 63' lang='lat'><strong>127.</strong></span> <span class='ocrx_word' id='word_1_43' title='bbox 956 1205 971 1238; x_wconf 81' lang='lat'>⁸</span> 
     </span>
     <span class='ocr_line' id='line_1_9' title="bbox 190 1311 1100 1440; baseline 0.004 -64"><span class='ocrx_word' id='word_1_44' title='bbox 190 1313 268 1402; x_wconf 88' lang='lat' dir='ltr'><strong>quid</strong></span> <span class='ocrx_word' id='word_1_45' title='bbox 280 1311 482 1401; x_wconf 83' lang='lat' dir='ltr'><strong>potissimum</strong></span> <span class='ocrx_word' id='word_1_46' title='bbox 495 1313 814 1380; x_wconf 82' lang='lat' dir='ltr'><strong>commonebaboent</strong></span> <span class='ocrx_word' id='word_1_47' title='bbox 822 1337 897 1382; x_wconf 89' lang='lat' dir='ltr'><strong>oum</strong></span> <span class='ocrx_word' id='word_1_48' title='bbox 906 1313 1100 1440; x_wconf 80' lang='lat' dir='ltr'><strong>hypochou-</strong></span> 
     </span>
     <span class='ocr_line' id='line_1_10' title="bbox 235 1420 554 1509; baseline 0.003 -24"><span class='ocrx_word' id='word_1_49' title='bbox 235 1421 366 1488; x_wconf 84' lang='lat' dir='ltr'><strong>driacis.</strong></span> <span class='ocrx_word' id='word_1_50' title='bbox 386 1420 478 1487; x_wconf 76' lang='lat' dir='ltr'><strong>lttd.</strong></span> <span class='ocrx_word' id='word_1_51' title='bbox 504 1444 554 1509; x_wconf 89' lang='lat'><strong>¹7·</strong></span> 
     </span>
     <span class='ocr_line' id='line_1_11' title="bbox 188 1525 1099 1610; baseline 0.003 -14"><span class='ocrx_word' id='word_1_52' title='bbox 188 1553 268 1596; x_wconf 90' lang='lat' dir='ltr'><strong>num</strong></span> <span class='ocrx_word' id='word_1_53' title='bbox 286 1531 367 1597; x_wconf 82' lang='lat' dir='ltr'><strong>adeo</strong></span> <span class='ocrx_word' id='word_1_54' title='bbox 389 1532 520 1598; x_wconf 87' lang='lat' dir='ltr'><strong>evidens</strong></span> <span class='ocrx_word' id='word_1_55' title='bbox 539 1525 604 1608; x_wconf 88' lang='lat' dir='ltr'><strong>sit,</strong></span> <span class='ocrx_word' id='word_1_56' title='bbox 636 1545 673 1598; x_wconf 86' lang='lat' dir='ltr'><strong>ut</strong></span> <span class='ocrx_word' id='word_1_57' title='bbox 697 1531 845 1598; x_wconf 85' lang='lat' dir='ltr'><strong>nonnulli</strong></span> <span class='ocrx_word' id='word_1_58' title='bbox 878 1532 1099 1610; x_wconf 84' lang='lat' dir='ltr'><strong>contendunt,</strong></span> 
     </span>
     <span class='ocr_line' id='line_1_12' title="bbox 234 1638 1097 1730; baseline 0.004 -27"><span class='ocrx_word' id='word_1_59' title='bbox 234 1639 292 1704; x_wconf 85' lang='lat' dir='ltr'><strong>has</strong></span> <span class='ocrx_word' id='word_1_60' title='bbox 306 1639 345 1704; x_wconf 86' lang='lat' dir='ltr'><strong>ab</strong></span> <span class='ocrx_word' id='word_1_61' title='bbox 359 1638 420 1706; x_wconf 78' lang='lat' dir='ltr'><strong>iliis</strong></span> <span class='ocrx_word' id='word_1_62' title='bbox 437 1663 508 1706; x_wconf 88' lang='lat' dir='ltr'><strong>osse</strong></span> <span class='ocrx_word' id='word_1_63' title='bbox 523 1641 654 1706; x_wconf 87' lang='lat' dir='ltr'><strong>omniuo</strong></span> <span class='ocrx_word' id='word_1_64' title='bbox 664 1641 915 1730; x_wconf 79' lang='lat' dir='ltr'><strong>distinguendos.</strong></span> <span class='ocrx_word' id='word_1_65' title='bbox 935 1640 956 1706; x_wconf 94' lang='lat' dir='ltr'>I</span> <span class='ocrx_word' id='word_1_66' title='bbox 959 1641 1025 1706; x_wconf 68' lang='lat' dir='ltr'><strong>bid</strong></span> <span class='ocrx_word' id='word_1_67' title='bbox 1045 1663 1097 1706; x_wconf 75' lang='lat' dir='ltr'><strong>oo.</strong></span> 
     </span>
     <span class='ocr_line' id='line_1_13' title="bbox 191 1747 1101 1838; baseline 0.002 -27"><span class='ocrx_word' id='word_1_68' title='bbox 191 1758 403 1836; x_wconf 83' lang='lat' dir='ltr'><strong>utrarumque</strong></span> <span class='ocrx_word' id='word_1_69' title='bbox 436 1747 575 1815; x_wconf 89' lang='lat' dir='ltr'><strong>insultus</strong></span> <span class='ocrx_word' id='word_1_70' title='bbox 599 1749 730 1836; x_wconf 80' lang='lat' dir='ltr'><strong>quidam</strong></span> <span class='ocrx_word' id='word_1_71' title='bbox 752 1750 908 1838; x_wconf 86' lang='lat' dir='ltr'><strong>periodici</strong></span> <span class='ocrx_word' id='word_1_72' title='bbox 937 1748 1101 1838; x_wconf 89' lang='lat' dir='ltr'><strong>quomodo</strong></span> 
     </span>
     <span class='ocr_line' id='line_1_14' title="bbox 235 1857 1097 1946; baseline 0 -24"><span class='ocrx_word' id='word_1_73' title='bbox 235 1857 777 1946; x_wconf 80' lang='lat' dir='ltr'><strong>peropiumfuerintpraeocoupsti.</strong></span> <span class='ocrx_word' id='word_1_74' title='bbox 798 1858 889 1925; x_wconf 79' lang='lat' dir='ltr'><strong>Ibid.</strong></span> <span class='ocrx_word' id='word_1_75' title='bbox 915 1871 1097 1946; x_wconf 84' lang='lat' dir='ltr'><strong>17etscqq.</strong></span> 
     </span>
     <span class='ocr_line' id='line_1_15' title="bbox 96 1963 1097 2054; baseline 0.002 -25"><span class='ocrx_word' id='word_1_76' title='bbox 96 1963 262 2051; x_wconf 83' lang='lat' dir='ltr'><strong>Hysterioi</strong></span> <span class='ocrx_word' id='word_1_77' title='bbox 285 1963 420 2031; x_wconf 84' lang='lat' dir='ltr'><strong>insultus</strong></span> <span class='ocrx_word' id='word_1_78' title='bbox 452 1989 510 2054; x_wconf 89' lang='lat' dir='ltr'><strong>per</strong></span> <span class='ocrx_word' id='word_1_79' title='bbox 532 1989 604 2054; x_wconf 83' lang='lat' dir='ltr'><strong>quae</strong></span> <span class='ocrx_word' id='word_1_80' title='bbox 627 1967 792 2033; x_wconf 85' lang='lat' dir='ltr'><strong>interdum</strong></span> <span class='ocrx_word' id='word_1_81' title='bbox 808 1968 928 2035; x_wconf 85' lang='lat' dir='ltr'><strong>fuerint</strong></span> <span class='ocrx_word' id='word_1_82' title='bbox 953 1969 1097 2034; x_wconf 80' lang='lat' dir='ltr'><strong>excitati.</strong></span> 
     </span>
     <span class='ocr_line' id='line_1_16' title="bbox 141 2071 317 2138; baseline 0.011 -2"><span class='ocrx_word' id='word_1_83' title='bbox 141 2071 239 2138; x_wconf 79' lang='lat' dir='ltr'><strong>Ibid.</strong></span> <span class='ocrx_word' id='word_1_84' title='bbox 266 2095 317 2138; x_wconf 78' lang='lat' dir='ltr'><strong>so.</strong></span> 
     </span>
     <span class='ocr_line' id='line_1_17' title="bbox 96 2181 1102 2271; baseline 0.005 -25"><span class='ocrx_word' id='word_1_85' title='bbox 96 2181 279 2270; x_wconf 79' lang='lat' dir='ltr'><strong>Hysterioae</strong></span> <span class='ocrx_word' id='word_1_86' title='bbox 302 2183 463 2250; x_wconf 85' lang='lat' dir='ltr'><strong>mulieres.</strong></span> <span class='ocrx_word' id='word_1_87' title='bbox 495 2184 543 2249; x_wconf 85' lang='lat' dir='ltr'><strong>Do</strong></span> <span class='ocrx_word' id='word_1_88' title='bbox 576 2185 692 2271; x_wconf 88' lang='lat' dir='ltr'><strong>quibus</strong></span> <span class='ocrx_word' id='word_1_89' title='bbox 718 2209 831 2252; x_wconf 84' lang='lat' dir='ltr'><strong>earum</strong></span> <span class='ocrx_word' id='word_1_90' title='bbox 861 2188 968 2254; x_wconf 83' lang='lat' dir='ltr'><strong>miuus</strong></span> <span class='ocrx_word' id='word_1_91' title='bbox 987 2185 1102 2256; x_wconf 78' lang='lat' dir='ltr'><strong>doceat</strong></span> 
     </span>
     <span class='ocr_line' id='line_1_18' title="bbox 141 2289 758 2382; baseline 0.01 -26"><span class='ocrx_word' id='word_1_92' title='bbox 141 2289 311 2356; x_wconf 88' lang='lat' dir='ltr'><strong>medicum</strong></span> <span class='ocrx_word' id='word_1_93' title='bbox 326 2314 397 2358; x_wconf 87' lang='lat' dir='ltr'><strong>esse</strong></span> <span class='ocrx_word' id='word_1_94' title='bbox 409 2293 686 2360; x_wconf 80' lang='lat' dir='ltr'><strong>securum.·Ibid.</strong></span> <span class='ocrx_word' id='word_1_95' title='bbox 706 2319 758 2382; x_wconf 74' lang='lat'><strong>27.</strong></span> 
     </span>
     <span class='ocr_line' id='line_1_19' title="bbox 191 2383 1103 2494; baseline 0.009 -32"><span class='ocrx_word' id='word_1_96' title='bbox 191 2423 262 2487; x_wconf 80' lang='lat' dir='ltr'><strong>quse</strong></span> <span class='ocrx_word' id='word_1_97' title='bbox 279 2422 321 2494; x_wconf 81' lang='lat' dir='ltr'><strong>cx</strong></span> <span class='ocrx_word' id='word_1_98' title='bbox 339 2401 497 2489; x_wconf 88' lang='lat' dir='ltr'><strong>ejusmodi</strong></span> <span class='ocrx_word' id='word_1_99' title='bbox 517 2401 685 2470; x_wconf 82' lang='lat' dir='ltr'><strong>affectione</strong></span> <span class='ocrx_word' id='word_1_100' title='bbox 708 2405 877 2470; x_wconf 73' lang='lat' dir='ltr'><strong>dicebatur</strong></span> <span class='ocrx_word' id='word_1_101' title='bbox 893 2383 1044 2482; x_wconf 81' lang='lat' dir='ltr'><strong>mortua,</strong></span> <span class='ocrx_word' id='word_1_102' title='bbox 1062 2427 1103 2470; x_wconf 85' lang='lat' dir='ltr'><strong>an</strong></span> 
     </span>
    </p>
   </div>
   <div class='ocr_carea' id='block_1_3' title="bbox 236 2513 1104 2706">
    <p class='ocr_par' dir='ltr' id='par_1_3' title="bbox 236 2513 1104 2706">
     <span class='ocr_line' id='line_1_20' title="bbox 236 2513 1104 2602; baseline 0.009 -30"><span class='ocrx_word' id='word_1_103' title='bbox 236 2531 347 2575; x_wconf 78' lang='lat' dir='ltr'><strong>revera</strong></span> <span class='ocrx_word' id='word_1_104' title='bbox 362 2521 490 2574; x_wconf 84' lang='lat' dir='ltr'><strong>mortua</strong></span> <span class='ocrx_word' id='word_1_105' title='bbox 506 2523 612 2587; x_wconf 85' lang='lat' dir='ltr'><strong>esset,</strong></span> <span class='ocrx_word' id='word_1_106' title='bbox 632 2525 731 2602; x_wconf 83' lang='lat' dir='ltr'><strong>quot,</strong></span> <span class='ocrx_word' id='word_1_107' title='bbox 749 2513 907 2602; x_wconf 82' lang='lat' dir='ltr'><strong>quibusve</strong></span> <span class='ocrx_word' id='word_1_108' title='bbox 929 2513 1035 2580; x_wconf 79' lang='lat' dir='ltr'><strong>modis</strong></span> <span class='ocrx_word' id='word_1_109' title='bbox 1062 2515 1104 2582; x_wconf 85' lang='lat' dir='ltr'><strong>sit</strong></span> 
     </span>
     <span class='ocr_line' id='line_1_21' title="bbox 238 2617 642 2706; baseline 0.005 -22"><span class='ocrx_word' id='word_1_110' title='bbox 238 2618 449 2706; x_wconf 81' lang='lat' dir='ltr'><strong>exploratum.</strong></span> <span class='ocrx_word' id='word_1_111' title='bbox 468 2617 559 2684; x_wconf 78' lang='lat' dir='ltr'><strong>Ibid.</strong></span> <span class='ocrx_word' id='word_1_112' title='bbox 589 2622 642 2686; x_wconf 72' lang='lat'><strong>25.</strong></span> 
     </span>
    </p>
   </div>
   <div class='ocr_carea' id='block_1_4' title="bbox 598 2824 626 2890">
    <p class='ocr_par' dir='ltr' id='par_1_4' title="bbox 598 2824 626 2890">
     <span class='ocr_line' id='line_1_22' title="bbox 598 2824 626 2890; baseline 0 0"><span class='ocrx_word' id='word_1_113' title='bbox 598 2824 626 2890; x_wconf 86' lang='lat'><strong>1.</strong></span> 
     </span>
    </p>
   </div>
   <div class='ocr_carea' id='block_1_5' title="bbox 105 3012 1169 3864">
    <p class='ocr_par' dir='ltr' id='par_1_5' title="bbox 105 3012 1169 3864">
     <span class='ocr_line' id='line_1_23' title="bbox 105 3012 1105 3124; baseline 0.004 -44"><span class='ocrx_word' id='word_1_114' title='bbox 105 3012 330 3124; x_wconf 71' lang='lat' dir='ltr'><strong>Icrusrcoruu</strong></span> <span class='ocrx_word' id='word_1_115' title='bbox 342 3013 469 3103; x_wconf 80' lang='lat' dir='ltr'><strong>sanguis</strong></span> <span class='ocrx_word' id='word_1_116' title='bbox 485 3035 549 3082; x_wconf 88' lang='lat' dir='ltr'><strong>non</strong></span> <span class='ocrx_word' id='word_1_117' title='bbox 562 3038 689 3104; x_wconf 86' lang='lat' dir='ltr'><strong>semper</strong></span> <span class='ocrx_word' id='word_1_118' title='bbox 704 3028 753 3084; x_wconf 88' lang='lat' dir='ltr'><strong>est</strong></span> <span class='ocrx_word' id='word_1_119' title='bbox 766 3016 906 3094; x_wconf 88' lang='lat' dir='ltr'><strong>fluidus,</strong></span> <span class='ocrx_word' id='word_1_120' title='bbox 925 3017 1105 3096; x_wconf 89' lang='lat' dir='ltr'>XXXVII,</span> 
     </span>
     <span class='ocr_line' id='line_1_24' title="bbox 285 3229 1169 3316; baseline 0.01 -20"><span class='ocrx_word' id='word_1_121' title='bbox 285 3229 454 3316; x_wconf 76' lang='lat' dir='ltr'><strong>aliquando</strong></span> <span class='ocrx_word' id='word_1_122' title='bbox 466 3231 546 3298; x_wconf 87' lang='lat' dir='ltr'><strong>fellis</strong></span> <span class='ocrx_word' id='word_1_123' title='bbox 559 3233 658 3300; x_wconf 83' lang='lat' dir='ltr'><strong>instar</strong></span> <span class='ocrx_word' id='word_1_124' title='bbox 670 3233 771 3300; x_wconf 84' lang='lat' dir='ltr'><strong>ssavus</strong></span> <span class='ocrx_word' id='word_1_125' title='bbox 785 3232 837 3300; x_wconf 85' lang='lat' dir='ltr'><strong>vel</strong></span> <span class='ocrx_word' id='word_1_126' title='bbox 850 3235 926 3302; x_wconf 89' lang='lat' dir='ltr'><strong>olim</strong></span> <span class='ocrx_word' id='word_1_127' title='bbox 943 3235 1103 3307; x_wconf 80' lang='lat' dir='ltr'><strong>inventus.</strong></span> <span class='ocrx_word' id='word_1_128' title='bbox 1165 3263 1169 3286; x_wconf 80' lang='lat'><strong>·</strong></span> 
     </span>
     <span class='ocr_line' id='line_1_25' title="bbox 328 3337 483 3425; baseline 0.019 -23"><span class='ocrx_word' id='word_1_129' title='bbox 328 3337 424 3403; x_wconf 76' lang='lat' dir='ltr'><strong>lbid.</strong></span> <span class='ocrx_word' id='word_1_130' title='bbox 454 3365 483 3425; x_wconf 91' lang='lat'><strong>7.</strong></span> 
     </span>
     <span class='ocr_line' id='line_1_26' title="bbox 196 3445 1111 3530; baseline 0.008 -17"><span class='ocrx_word' id='word_1_131' title='bbox 196 3445 394 3522; x_wconf 86' lang='lat' dir='ltr'><strong>cerebrum,</strong></span> <span class='ocrx_word' id='word_1_132' title='bbox 415 3447 583 3516; x_wconf 91' lang='lat' dir='ltr'><strong>oculorum</strong></span> <span class='ocrx_word' id='word_1_133' title='bbox 600 3449 773 3530; x_wconf 86' lang='lat' dir='ltr'><strong>humores,</strong></span> <span class='ocrx_word' id='word_1_134' title='bbox 791 3465 824 3520; x_wconf 88' lang='lat' dir='ltr'><strong>et</strong></span> <span class='ocrx_word' id='word_1_135' title='bbox 836 3445 954 3522; x_wconf 73' lang='lat' dir='ltr'><strong>coruos</strong></span> <span class='ocrx_word' id='word_1_136' title='bbox 972 3477 1029 3520; x_wconf 91' lang='lat' dir='ltr'><strong>cur</strong></span> <span class='ocrx_word' id='word_1_137' title='bbox 1042 3455 1111 3522; x_wconf 86' lang='lat' dir='ltr'><strong>sine</strong></span> 
     </span>
     <span class='ocr_line' id='line_1_27' title="bbox 241 3551 973 3652; baseline 0.017 -33"><span class='ocrx_word' id='word_1_138' title='bbox 241 3553 305 3620; x_wconf 85' lang='lat' dir='ltr'><strong>ulla</strong></span> <span class='ocrx_word' id='word_1_139' title='bbox 329 3551 488 3624; x_wconf 81' lang='lat' dir='ltr'><strong>ssavediue</strong></span> <span class='ocrx_word' id='word_1_140' title='bbox 507 3559 620 3647; x_wconf 73' lang='lat' dir='ltr'><strong>saepius</strong></span> <span class='ocrx_word' id='word_1_141' title='bbox 633 3561 705 3626; x_wconf 87' lang='lat' dir='ltr'><strong>siut.</strong></span> <span class='ocrx_word' id='word_1_142' title='bbox 725 3561 817 3628; x_wconf 81' lang='lat' dir='ltr'><strong>lbid.</strong></span> <span class='ocrx_word' id='word_1_143' title='bbox 837 3576 869 3629; x_wconf 87' lang='lat' dir='ltr'><strong>et</strong></span> <span class='ocrx_word' id='word_1_144' title='bbox 885 3587 973 3652; x_wconf 86' lang='lat' dir='ltr'><strong>seqq.</strong></span> 
     </span>
     <span class='ocr_line' id='line_1_28' title="bbox 197 3663 1110 3760; baseline 0.013 -33"><span class='ocrx_word' id='word_1_145' title='bbox 197 3663 275 3753; x_wconf 90' lang='lat' dir='ltr'><strong>quid</strong></span> <span class='ocrx_word' id='word_1_146' title='bbox 290 3663 422 3732; x_wconf 83' lang='lat' dir='ltr'><strong>Vctorcs</strong></span> <span class='ocrx_word' id='word_1_147' title='bbox 433 3677 465 3730; x_wconf 87' lang='lat' dir='ltr'><strong>et</strong></span> <span class='ocrx_word' id='word_1_148' title='bbox 481 3667 638 3753; x_wconf 88' lang='lat' dir='ltr'><strong>quosdam</strong></span> <span class='ocrx_word' id='word_1_149' title='bbox 655 3668 733 3735; x_wconf 89' lang='lat' dir='ltr'><strong>alios</strong></span> <span class='ocrx_word' id='word_1_150' title='bbox 755 3673 915 3748; x_wconf 86' lang='lat' dir='ltr'><strong>moverit,</strong></span> <span class='ocrx_word' id='word_1_151' title='bbox 933 3684 969 3736; x_wconf 90' lang='lat' dir='ltr'><strong>ut</strong></span> <span class='ocrx_word' id='word_1_152' title='bbox 981 3673 1110 3760; x_wconf 78' lang='lat' dir='ltr'><strong>objecta</strong></span> 
     </span>
     <span class='ocr_line' id='line_1_29' title="bbox 245 3773 1078 3864; baseline 0.008 -25"><span class='ocrx_word' id='word_1_153' title='bbox 245 3773 478 3842; x_wconf 83' lang='lat' dir='ltr'><strong>ictericisssava</strong></span> <span class='ocrx_word' id='word_1_154' title='bbox 497 3799 673 3864; x_wconf 82' lang='lat' dir='ltr'><strong>apparere,</strong></span> <span class='ocrx_word' id='word_1_155' title='bbox 694 3779 874 3846; x_wconf 84' lang='lat' dir='ltr'><strong>crederent.</strong></span> <span class='ocrx_word' id='word_1_156' title='bbox 895 3779 986 3845; x_wconf 80' lang='lat' dir='ltr'><strong>Ibid.</strong></span> <span class='ocrx_word' id='word_1_157' title='bbox 1009 3783 1078 3845; x_wconf 90' lang='lat'><strong>8.·</strong></span> 
     </span>
    </p>
   </div>
   <div class='ocr_carea' id='block_1_6' title="bbox 291 3883 1114 4086">
    <p class='ocr_par' dir='ltr' id='par_1_6' title="bbox 291 3883 1114 4086">
     <span class='ocr_line' id='line_1_30' title="bbox 291 3883 1114 3980; baseline 0.011 -32"><span class='ocrx_word' id='word_1_158' title='bbox 291 3883 518 3972; x_wconf 64' lang='lat' dir='ltr'><strong>surculique,</strong></span> <span class='ocrx_word' id='word_1_159' title='bbox 539 3883 595 3950; x_wconf 85' lang='lat' dir='ltr'><strong>sed</strong></span> <span class='ocrx_word' id='word_1_160' title='bbox 618 3909 689 3952; x_wconf 83' lang='lat' dir='ltr'><strong>rara</strong></span> <span class='ocrx_word' id='word_1_161' title='bbox 707 3888 867 3979; x_wconf 85' lang='lat' dir='ltr'><strong>ejusmodi</strong></span> <span class='ocrx_word' id='word_1_162' title='bbox 881 3891 1056 3980; x_wconf 76' lang='lat' dir='ltr'><strong>exempla,</strong></span> <span class='ocrx_word' id='word_1_163' title='bbox 1081 3903 1114 3957; x_wconf 89' lang='lat' dir='ltr'><strong>et</strong></span> 
     </span>
     <span class='ocr_line' id='line_1_31' title="bbox 338 3991 688 4086; baseline 0.023 -30"><span class='ocrx_word' id='word_1_164' title='bbox 338 3991 435 4060; x_wconf 85' lang='lat' dir='ltr'><strong>uude.</strong></span> <span class='ocrx_word' id='word_1_165' title='bbox 462 3992 553 4062; x_wconf 79' lang='lat' dir='ltr'><strong>Ibid.</strong></span> <span class='ocrx_word' id='word_1_166' title='bbox 574 4007 688 4086; x_wconf 87' lang='lat' dir='ltr'><strong>etseq.</strong></span> 
     </span>
    </p>
   </div>
   <div class='ocr_carea' id='block_1_7' title="bbox 0 0 1441 4676">
    <p class='ocr_par' dir='ltr' id='par_1_7' title="bbox 0 0 1441 4676">
     <span class='ocr_line' id='line_1_32' title="bbox 0 0 1441 4676; baseline 0 0"><span class='ocrx_word' id='word_1_167' title='bbox 0 0 1441 4676; x_wconf 95' lang='lat' dir='ltr'><strong> </strong></span> 
     </span>
    </p>
   </div>
  </div>
 </body>
</html>
