2850 4676
326 467 372 509 ΕΤ
409 463 539 507 RERUM
576 460 838 506 uertentur.
1018 461 1084 524 219

173 571 455 660 abemulgentium
466 573 563 639 altera
578 570 620 636 ad
637 571 777 638 vesicam
795 569 969 636 urinariam
985 570 1083 634 iuram

220 681 361 756 arteria,
391 681 514 756 LXX,
542 705 571 766 7.

74 791 182 855 Emus
194 840 202 865 ,
215 789 375 878 Angelus,
392 788 536 855 Venetus
549 800 677 854 senator
690 839 697 864 ,
708 789 877 864 laudatus,
896 787 1013 862 XXII,
1028 788 1083 861 51,

74 901 173 973 Ens,
199 897 277 967 abr.
297 898 473 986 laudatus,
498 897 605 974 XIX,
641 899 696 962 aa.

76 1008 254 1095 Epiglottis
275 1031 339 1072 uon
357 1007 455 1072 habet
471 1005 635 1072 musculos
648 1029 710 1094 ¹per
724 1029 803 1094 quos
820 1004 956 1093 deprimi
974 1005 1083 1070 valen-

124 1128 179 1180 ter
199 1117 309 1204 possit
335 1115 426 1180 [tid.
454 1118 508 1196 44.
603 1167 604 1172 ,
656 1189 658 1197 Α

78 1225 279 1312 Epilepsiam
293 1224 478 1314 praecedens
495 1247 606 1294 sensus
619 1223 750 1312 quidam
762 1223 871 1288 fetoris
889 1221 1081 1310 explicatus,

126 1331 237 1409 XIV,
275 1337 326 1398 28.

79 1441 254 1532 Epilepsiae
278 1441 547 1508 observatioab
538 1465 605 1517 rra,
629 1439 700 1516 IX,
729 1441 759 1506 5.

140 1621 142 1624 ,
174 1575 193 1615 a
212 1563 356 1626 terrore,
373 1563 405 1616 et
422 1552 538 1638 quaein
556 1575 594 1616 ea
615 1549 826 1638 profuerint,
856 1547 944 1614 Itid.
969 1548 1001 1614 6.

177 1660 218 1723 ab
228 1659 457 1748 hypocondriis
468 1711 477 1736 ‚
487 1672 598 1746 etquae
609 1660 641 1724 in
655 1683 690 1723 ea
702 1659 792 1723 utilia
810 1658 939 1724 suerint.
956 1659 973 1720 1
977 1653 1044 1720 tid.
1059 1680 1088 1742 7.

177 1769 219 1834 ab
234 1770 336 1858 aliqua
352 1769 411 1838 alia
431 1782 522 1858 parte
539 1769 694 1858 corporis.
716 1767 807 1862 [bid.
823 1769 860 1860 6.

271 1879 325 1966 qui
343 1878 427 1950 haue
446 1879 551 1968 primo
570 1877 829 1944 memoraverim.
846 1875 867 1942 I
870 1875 937 1941 bid.

276 1990 380 2074 etqui
400 1989 497 2078 primi
518 1989 559 2054 ad
579 2011 651 2055 eam
667 1986 912 2077 praecavendam
930 1983 1094 2054 auxilium.

321 2095 412 2162 [bid.
447 2133 450 2138 ·
842 2179 846 2192 ,

279 2205 536 2296 frequentiorem
553 2230 652 2285 esse,
673 2229 772 2295 quam
795 2203 952 2272 Willisius
970 2202 1099 2280 eredat,

322 2318 489 2406 probatur.
509 2317 601 2384 leid.
710 2330 713 2342 '

93 2428 264 2521 Epilepsiae
281 2427 628 2498 duunoraseeundum
645 2428 804 2516 quosdam
819 2425 979 2502 remedia,
998 2423 1058 2499 IX,
1068 2422 1099 2486 6.

185 2537 275 2603 unde
300 2550 409 2605 tantus
437 2540 588 2606 adversus
613 2538 700 2605 illam
725 2537 886 2604 inutilium
911 2554 1105 2601 areanorum

233 2671 400 2717 numerus.
421 2649 512 2716 leia.
599 2694 603 2706 ·

189 2757 261 2844 ejus
296 2758 388 2852 variae
423 2759 460 2824 ae
494 2756 684 2848 multiplicis
715 2755 889 2829 curationis
920 2752 1103 2821 necessitas.

259 2865 351 2934 Ibat.
381 2868 433 2934 26.

192 2975 264 3066 ejus
279 2977 476 3064 pertinacia,
496 2977 637 3067 plurimo
652 2961 751 3044 etiam
767 2974 846 3042 lotio
863 2971 995 3042 fluente.
1015 2966 1106 3036 [bid.

242 3085 273 3148 6.
737 3144 739 3153 .

196 3192 267 3281 ejus
281 3195 328 3260 vis
341 3193 584 3271 indemitate,
602 3196 767 3281 autetiam
787 3203 890 3258 aucta.
909 3188 1001 3262 Ibat.
1019 3213 1059 3276 7,
1077 3209 1108 3274 9.

289 3315 322 3368 et
339 3327 408 3368 cur.
435 3304 525 3370 leid.
550 3329 600 3370 11.

112 3406 271 3498 Epilepsia
286 3412 416 3497 quando
429 3437 495 3491 non
511 3413 568 3480 fiat
585 3415 624 3478 ab
643 3437 723 3502 aqua
737 3413 820 3478 intra
838 3409 984 3477 cranium
1001 3404 1111 3473 effusa.

157 3517 227 3594 IX,
251 3519 319 3586 5et
346 3545 434 3610 seqq.

188 3651 295 3716 posse
319 3641 427 3698 tamen
450 3631 521 3698 fieri
538 3631 588 3698 vel
603 3656 621 3698 a
638 3654 742 3720 pauca
767 3641 799 3696 et
820 3626 980 3717 limpida,
1009 3633 1117 3686 osten·

251 3737 347 3804 ditur.
368 3739 458 3806 leid.
487 3766 537 3806 11.

200 3858 239 3912 et
252 3871 269 3912 a
283 3871 430 3918 vasorum
443 3851 566 3918 cerebri
585 3852 768 3942 turgentia,
787 3863 820 3917 et
833 3841 1004 3938 quemodo
1025 3840 1116 3908 Ibid.

260 3957 308 4022 15.

320 4109 329 4140 t
