2850 4676
398 432 444 478 ιτ
468 429 594 474 tenen
621 427 884 474 nominem.
1076 413 1141 477 215

231 540 306 631 ipsis
328 540 444 628 cystim
465 537 696 626 implentibus,
720 536 884 626 quomedo
908 535 1068 604 diarrhoea
1089 541 1142 606 in-

275 649 403 716 terdum
421 648 501 724 siat,
530 644 717 725 XXXVII.
737 648 790 713 56.

140 760 264 850 Cystici
280 757 406 825 calculi.
428 757 512 824 Num
528 758 646 822 icterus
663 755 713 822 vel
730 769 904 822 contumax
915 770 947 823 et
959 756 1141 836 recidivus,

187 883 313 936 eertum
336 869 376 934 sit
394 889 507 935 eorum
527 869 664 957 signum.
684 865 771 930 leid.
800 890 832 933 n.
862 867 920 946 15,
945 891 985 955 η
1002 879 1035 933 et
1048 890 1137 955 seqq.

186 1001 288 1066 nsque
313 975 353 1043 ad
371 977 424 1042 56.

321 1085 566 1174 ουηειΙίῳαηᾶο
580 1108 654 1153 eum
667 1085 704 1151 iis
720 1085 946 1174 conjungatur.
967 1084 1058 1151 [tid.
1080 1088 1142 1166 52,

366 1195 419 1260 55.

232 1327 312 1370 num
327 1315 521 1392 perpetuum
543 1304 583 1368 sit
602 1325 714 1367 eornm
732 1303 858 1390 signum
874 1303 1033 1379 vomitus,
1052 1303 1146 1370 dolor

275 1414 418 1490 eolieus,
440 1412 528 1477 alvus
548 1405 787 1488 adstricta,'vel
810 1412 894 1480 sese.
914 1412 999 1480 leid.
1023 1413 1076 1480 56.

230 1545 311 1590 num
340 1546 453 1588 sensus
479 1521 651 1610 ponderis,
673 1522 910 1611 punctionum,
929 1521 1142 1590 distentionis.

128 1675 133 1682 -
275 1631 366 1697 ltin.
392 1633 445 1719 57.
770 1625 773 1628 ’
951 1690 953 1696 ,

231 1764 310 1808 num
339 1739 440 1806 ullum
462 1736 549 1808 aliud
566 1739 725 1806 hactenus
752 1740 1020 1809 animadversum.
1052 1739 1144 1806 lttd.

279 1851 350 1926 58,
374 1850 432 1929 45,

233 1983 312 2026 num
342 1957 447 2025 ulium
476 1970 698 2048 perpetuum,
729 1956 842 2025 saltem
865 1983 940 2025 enm
977 1959 1152 2032 obstruunt

281 2069 417 2134 ductum
444 2067 612 2156 eystieum.
633 2066 723 2132 ltin.
749 2069 802 2155 59.

232 2197 314 2244 num
336 2181 449 2244 saitem
466 2177 611 2265 Wepferi
629 2177 776 2265 signum,
795 2177 827 2242 id
844 2189 892 2244 est
911 2175 1003 2242 dolor
1027 2176 1067 2242 ad
1081 2200 1150 2244 cat-

279 2289 445 2376 tilaginem
465 2286 680 2352 ensiformem.
703 2285 795 2351 ltin.

236 2420 315 2464 num
340 2397 426 2462 idem
452 2397 581 2486 signum
607 2407 687 2462 tune
712 2399 824 2461 saltem
847 2417 924 2461 eum
945 2396 1153 2484 pervenerint

281 2507 314 2572 in
331 2506 464 2572 ductum
482 2529 714 2583 communem,
738 2506 906 2594 proprium
934 2507 995 2572 erit
1023 2517 1055 2572 et
1075 2511 1152 2595 pei·-

280 2627 425 2704 petnum.
449 2614 541 2680 Ittd.
562 2618 605 2694 4ο
624 2628 657 2681 et
674 2640 763 2706 seqq.

236 2723 324 2815 signa
348 2724 468 2790 hebent
487 2724 527 2788 ad
551 2725 805 2811 suspicandum,
828 2747 893 2792 non
913 2725 954 2790 ed
970 2747 1162 2793 asseverem

282 2833 361 2900 dum
383 2834 508 2900 idonee.
533 2833 622 2900 [tet.
648 2836 718 2912 45,
740 2837 794 2914 44.

236 2943 327 3033 signa
347 2943 507 3032 ejusmodi
525 2943 671 3032 qnaedem
691 2941 864 3010 adduntur.
897 2943 986 3010 Ibid.
1011 2947 1065 3026 45.

237 3075 278 3120 ex
301 3053 449 3118 omnibns
470 3054 568 3142 signis
586 3053 749 3140 quodnam
776 3055 976 3142 praenipnum
1005 3057 1068 3134 sit,
1089 3068 1155 3124 ete

282 3160 399 3248 quibus
422 3163 563 3249 primum
589 3161 777 3226 indicatum.
803 3160 893 3228 Ιὺίά.
919 3165 973 3242 44.

241 3291 304 3356 qua
323 3291 399 3334 eum
414 3270 564 3334 cautione
580 3291 618 3334 eo
638 3264 806 3336 utendum.
826 3267 916 3334 leid.
938 3271 979 3349 45
995 3275 1028 3338 e't
1040 3293 1130 3360 seqq.

150 3373 357 3466 Cyetieorum
374 3376 572 3442 calculonum
590 3379 725 3443 curatio.
760 3378 791 3440 V
794 3377 840 3444 id.
868 3378 977 3445 Biiarii
995 3381 1123 3449 calculi.

240 3485 281 3550 de
290 3486 413 3552 ‘iisdem
432 3486 561 3573 eystieis
582 3489 699 3574 piune,
719 3485 832 3566 LXV,
848 3511 885 3555 ια
905 3499 938 3554 et
953 3511 1041 3577 seqq.

152 3568 275 3682 Cystis⁰
294 3596 326 3662 V
327 3593 375 3661 td.
403 3593 542 3662 Jeeoris.
