2828 4678
320 373 382 438 288
426 417 429 424 -
628 394 752 442 tnnnx
784 392 973 444 1101111111.

317 501 488 568 Phthisicis
514 521 580 569 non
605 504 754 570 omnibus
788 507 1017 594 equitationem
1044 507 1236 585 convenire,
1258 507 1314 596 qui

360 610 556 688 docuerint,
578 611 697 692 XXII,
730 615 779 680 15.

403 719 596 807 quibusdam
618 719 706 788 utilia
728 722 874 810 quaedam
889 735 1027 789 narrata.
1046 723 1065 782 I
1069 722 1136 788 bid.
1160 725 1212 790 28.

403 830 480 916 qui,
500 841 533 894 et
558 829 712 916 quando,
744 841 777 896 et
803 854 900 918 quam
925 830 1077 909 difficile,
1103 855 1242 922 raroque
1261 856 1314 898 sa-

444 949 572 1004 nentur.
598 937 687 1004 loia.
706 939 759 1004 ho.

316 1043 455 1112 Phthisis
488 1046 649 1112 interdum
682 1059 792 1114 curata
816 1047 958 1114 creditur
984 1071 1054 1136 qnae
1081 1047 1221 1138 phthisis
1248 1073 1314 1116 non

357 1153 428 1220 fuit.
452 1153 540 1220 Iba’d.
568 1178 608 1241 ²7
631 1167 663 1220 ct
683 1179 770 1244 seqq.

401 1263 583 1340 inchoatae,
604 1278 659 1330 aut
680 1277 768 1330 certe
795 1264 974 1331 consimilis
996 1265 1117 1354 phthisi
1136 1265 1315 1333 affectionis

444 1373 519 1439 felix
539 1373 749 1461 absolutaque
771 1376 906 1440 curatio.
933 1375 1023 1440 Ibid.
1048 1377 1102 1444 51.

397 1506 435 1548 se
455 1484 509 1548 lui.
523 1505 666 1549 venereae
684 1483 888 1572 adjungentis
905 1469 1060 1573 exempla.
1087 1485 1178 1549 Ibid.
1206 1509 1258 1552 11.
1369 1545 1373 1552 .

315 1590 496 1658 Phthisicos
520 1594 660 1658 austrina
679 1594 827 1659 saeviente
847 1595 1100 1668 constitutione,
1120 1597 1312 1682 plerumque

446 1703 552 1790 perire
571 1705 679 1768 solitos
694 1702 839 1768 Valsalra
862 1702 1043 1779 adnotavit,
1066 1703 1193 1780 XXII,
1217 1705 1267 1768 15.

401 1813 569 1900 pulmones
594 1813 758 1900 superiore
782 1811 984 1899 potissimum
1006 1823 1099 1899 parto
1123 1813 1254 1877 vitiatos
1283 1813 1313 1877 in
1404 1805 1405 1882 l

423 1921 613 2010 'phthisicis
637 1921 724 1987 idem
748 1921 894 1987 invenire
918 1933 1138 1988 consueverat.
1158 1921 1251 1987 Ibid.
1278 1922 1312 1986 15

444 2042 477 2096 et
501 2051 589 2118 seqq.

488 2138 574 2205 unde
597 2139 630 2204 id
652 2137 798 2204 accidere
819 2139 969 2227 potuerit.
992 2137 1082 2202 Ibid.
1108 2139 1163 2224 47.

400 2271 512 2316 eorum
538 2246 670 2334 quidam
703 2249 866 2324 multum,
884 2246 1014 2336 quidam
1033 2247 1086 2312 vix
1106 2245 1228 2334 aliquid
1245 2268 1313 2311 san-

444 2359 549 2448 guinis
562 2359 595 2423 111
611 2358 842 2445 pulmonibus,
859 2368 892 2422 et
904 2357 984 2424 vasis
997 2355 1127 2421 habent.
1147 2357 1166 2416 I
1170 2354 1239 2420 tid.
1258 2379 1308 2422 no.

488 2465 541 2531 alii
558 2488 617 2532 cur
633 2467 779 2532 exsuccis
795 2466 1027 2554 pulmonibus,
1044 2463 1096 2530 alii
1112 2487 1194 2552 pure
1207 2463 1314 2557 opple·

533 2575 594 2652 tis,
619 2575 808 2640 moriantur.
829 2573 918 2645 thid.
989 2653 992 2658 Ι

399 2685 432 2752 in
456 2707 569 2750 eorum
590 2683 723 2749 thorace
743 2684 816 2772 quit
841 2681 890 2750 vel
910 2680 986 2748 oIIm
1005 2704 1122 2769 aquam
1137 2683 1309 2757 invenerit,

441 2793 531 2858 Ibid.
564 2817 614 2879 17.

487 2925 566 2968 num
585 2925 622 2968 ea
648 2924 665 2966 a
687 2900 807 2980 dextris
824 2912 948 2966 tantum
965 2899 1151 2987 reperiatur.
1173 2901 1192 2960 I
1196 2899 1264 2965 bid.

311 3014 445 3104 Physica
469 3011 615 3101 quaedam
635 3010 847 3100 phaenomena
875 3032 946 3096 quae
967 3007 1114 3074 ridentur
1142 3007 1183 3072 ad
1210 3008 1311 3074 medi-

356 3123 462 3190 cinam
485 3121 665 3188 faciendam
679 3119 830 3195 inutilia,
860 3117 1031 3207 aliquando
1057 3115 1146 3182 utilia
1179 3130 1309 3206 reperta

353 3239 447 3307 sunt,
469 3229 575 3306 XIII,
602 3252 654 3294 an.

311 3340 520 3430 Physiologiae
545 3338 716 3405 necessitas
744 3335 784 3402 ad
817 3335 1029 3402 abditissImos
1055 3334 1186 3402 morbos
1209 3334 1310 3400 inter·

353 3449 563 3523 noscendus,
587 3446 724 3523 XVIII,
751 3468 801 3510 12.

311 3557 570 3634 Piccolhomini,
601 3553 763 3643 Archang.
804 3551 919 3641 dogma
936 3551 975 3616 de
1006 3551 1173 3639 profundis
1196 3551 1308 3640 capitis

355 3668 519 3754 doloribus
538 3686 604 3730 non
625 3687 752 3752 semper
774 3685 906 3737 verum,
932 3660 966 3737 l,
991 3684 1021 3745 7.

397 3781 495 3844 altera
517 3775 558 3838 de
588 3785 749 3842 costarum
772 3793 908 3836 numero
929 3767 1140 3832 hallucinatio
1158 3815 1168 3843 ,
1184 3766 1231 3842 V,
1252 3790 1303 3832 ro.

303 3885 426 3962 'Piella,
443 3883 560 3950 Paulus
577 3929 586 3958 ,
605 3879 749 3946 medicus
774 3879 849 3946 olim
876 3889 909 3941 et
931 3875 1101 3965 chirurgus
1120 3873 1307 3964 bononienj

351 3997 414 4069 sis,
439 3991 612 4068 laudatus,
634 3989 758 4064 XXII,
784 4009 835 4072 27.
859 3985 958 4062 LIII,
991 3987 1042 4064 14.
