2828 4678
322 518 825 570 aonnnonnootnanton.
897 497 899 501 ’
1010 506 1074 593 557

253 630 454 721 quaratione
476 627 593 694 educta
615 649 678 694 uno
701 629 752 692 ait.
771 627 793 693 I
796 626 863 693 tid.
893 651 944 696 aa.
995 643 998 664 ²

165 753 237 832 post
250 740 404 806 adnatum
421 736 560 828 jamdiu
581 734 743 802 calculum
761 761 909 826 quaenam
922 739 986 806 sint
1004 754 1079 808 ante

209 850 438 917 extructionem
454 843 697 914 consideranda.
713 853 729 911 1
735 843 802 910 bid.

164 957 326 1047 quomodo
339 979 414 1025 nous
431 955 498 1044 ipsa
518 977 584 1020 noa
598 951 698 1021 semel
717 954 778 1020 eibi
795 954 989 1046 invaginant
1005 958 1076 1026 adi·

210 1081 280 1134 tum
303 1065 426 1132 fecerit.
447 1063 536 1130 ibid.
558 1064 623 1140 25,
643 1063 696 1126 no.

257 1173 413 1264 quidtum
425 1193 484 1262 pro
500 1195 576 1240 aeus
585 1183 618 1238 et
632 1172 740 1242 adnati
748 1169 863 1242 calculi
876 1177 1076 1245 extractione

181 1319 186 1330 ·
298 1281 509 1372 propositum.
540 1279 631 1350 [bid.

81 1390 231 1460 vesicula
243 1391 396 1460 calculus.
419 1392 466 1456 Eo
482 1403 661 1482 praesente,
678 1387 836 1462 diuoetica
855 1415 914 1460 cur
925 1408 1077 1475 noceant,

121 1501 235 1580 XLII,
266 1502 316 1568 16.
383 1583 385 1590 Ι

164 1611 265 1700 qualis
282 1607 656 1696 lithentriptioissacilim
673 1607 778 1678 cedat.
799 1607 890 1676 itit.
912 1635 964 1700 ις,

254 1717 385 1806 quando
398 1715 467 1784 haee
483 1739 548 1782 non
568 1714 761 1782 adhibenda.
782 1715 874 1784 [bid.

163 1826 279 1895 oelouIi
294 1825 413 1893 excisio
421 1847 482 1891 eun
496 1824 602 1914 potius
621 1825 660 1889 ab
678 1837 833 1894 autumno
845 1825 970 1908 adven,
980 1851 1078 1918 qnam

208 1936 248 2002 ab
272 1934 336 2000 hoo
352 1932 393 1998 ed
413 1930 504 1998 illum
524 1981 533 2008 ,
553 1931 740 2000 differenda.
761 1933 853 2002 Ibid.
881 1938 930 2002 18.

165 2057 339 2131 antequam
354 2041 388 2107 id
412 2040 494 2118 fiat,
516 2039 645 2132 quando
674 2055 707 2110 et
729 2045 903 2131 exquibus
929 2046 970 2113 de
992 2048 1079 2116 insa-

206 2151 308 2220 nabili
330 2173 446 2236 renam
463 2151 540 2219 vitio
562 2152 717 2240 sospitati
741 2143 897 2241 oporteat.
925 2155 1015 2224 itit.
1038 2179 1078 2224 an

208 2275 242 2328 et
257 2283 347 2352 seqq.
366 2271 400 2325 et
417 2259 471 2325 bo.

61 2391 67 2399 ·
120 2383 126 2411 ¹
164 2369 308 2441 calculus
329 2367 399 2434 sine
419 2369 611 2438 necessitate
626 2391 645 2436 a
659 2369 831 2439 lithotomo
849 2392 915 2438 non
931 2372 1078 2464 frangen-

208 2480 270 2547 dus
286 2530 295 2557 ,
312 2489 346 2546 ot
360 2499 431 2546 eur.
456 2478 476 2540 1
480 2476 549 2545 bid.
572 2469 605 2567 9ss

85 2583 257 2680 Vealingius
273 2609 365 2682 aequa
381 2587 648 2677 interpretatione
666 2587 815 2658 defensus
831 2639 841 2670 ,
864 2589 948 2670 XL,
974 2615 1027 2660 no.

85 2693 260 2777 Victorius,
275 2696 491 2776 benediotua,
505 2698 651 2785 quamvis
667 2700 803 2767 omissus
819 2725 837 2766 a
855 2700 1080 2791 Papadopolo‚

123 2804 181 2872 suit
201 2806 366 2874 Professor
386 2805 578 2882 Patavinae,
595 2804 725 2884 LVIII,
760 2831 811 2894 17.

84 2909 214 2994 Vidine,
237 2914 369 2991 vinus,
395 2889 469 2982 ⁸non
494 2912 720 2984 semiluoarem
745 2915 830 2992 oculi
856 2918 1081 2987 membranam

123 3025 353 3115 proposuerit,
375 3021 459 3092 XIII
477 3074 488 3102 ,
515 3025 568 3090 ab.

83 3129 258 3204 Vinussenii
270 3132 417 3222 quandam
436 3156 503 3202 non
516 3132 704 3224 probanda,
729 3131 869 3211 XXIII,
890 3156 923 3222 9.

83 3238 199 3312 Vinum
216 3268 336 3312 novom
361 3243 398 3314 iia
418 3246 596 3334 prasertim
615 3243 804 3332 fugiendum
821 3243 938 3334 quibim
954 3245 1079 3324 nordio,

124 3367 179 3420 aut
197 3377 347 3422 vasorum
369 3354 433 3420 sint
453 3353 532 3420 vitia
549 3378 565 3433 ,¹
580 3351 732 3430 XXVII,
750 3353 782 3420 ὅ.
981 3427 985 3434 ,

84 3455 207 3553 Viperei
221 3466 254 3530 in
272 3465 427 3554 sanguine
445 3460 567 3531 habent
586 3485 696 3528 aereae
708 3461 832 3537 bullae,
856 3459 908 3538 V}
928 3464 980 3530 aa.

168 3574 311 3663 ipsarum
341 3573 521 3642 recentium
548 3570 669 3638 utilitas
698 3571 849 3654 advertus
874 3570 1080 3659 atnophiam.

213 3681 350 3759 ulcera,
385 3681 559 3759 scabiem,
587 3679 866 3752 absentationibus
901 3677 1082 3760 vindicato,

213 3789 296 3868 LV,
326 3793 412 3870 abet
432 3814 520 3880 seqq.
689 3773 691 3782 ¹

168 3925 214 3969 eae
227 3925 291 3968 neo
305 3904 392 3970 sitim
407 3901 551 3980 faciunt.
569 3922 631 3982 neo
643 3902 759 3977 sentes
771 3897 902 3992 spitituo
914 3897 1079 3992 ditsipaot.

215 4009 306 4080 lbid.
342 4013 393 4080 15.
993 4041 1026 4058 »’

913 4118 952 4161 ab
