2828 4678
270 429 317 476 ar
347 429 472 484 nunuu
503 426 772 480 2222222222,
980 411 1044 497 269

73 537 76 544 ’
182 539 302 606 tidiana
330 537 458 604 illarum
488 538 640 602 mortium
660 536 839 624 frequentia
863 538 982 616 luerit,
1011 551 1044 606 et

184 673 265 725 our,
293 647 361 723 ΙΙΙ,
389 671 449 723 ιι,
478 647 536 720 15,
567 668 618 732 29.
650 644 718 722 IV,
740 669 792 710 21.

136 781 203 848 quo
220 781 329 824 mense
344 770 453 821 autem
481 755 648 829 Bononiae,
678 754 721 820 IV
739 803 747 828 ,
773 779 822 820 ι2.

138 892 200 935 cur
215 881 246 932 et
259 867 375 954 quibus
392 889 476 954 saepe
489 865 677 952 contingant
688 866 721 929 in
733 864 818 934 lecto
835 866 1047 944 cubantibus,

187 975 259 1061 Ill,
285 977 336 1040 28.

138 1109 251 1152 earum
281 1081 428 1170 quaedam
458 1105 475 1145 a
504 1103 646 1168 syncope
668 1080 788 1158 fuerit,
815 1105 854 1147 an
877 1083 982 1172 potins
1011 1085 1050 1149 ab
1110 1135 1115 1148 .
1216 1163 1219 1170 .

186 1191 378 1283 apoplexia,
402 1189 573 1275 quaeritur,
598 1187 645 1252 III
665 1238 673 1264 ,
695 1213 736 1274 27
753 1202 786 1254 et
806 1214 893 1278 seqq.
918 1191 978 1268 IV,
996 1215 1048 1257 22.

122 1295 125 1298 ’
232 1326 249 1366 2
268 1299 478 1366 suffocatione
498 1347 508 1376 ,
534 1321 574 1363 an
595 1299 700 1386 potius
726 1299 765 1364 ab
785 1302 967 1388 apoplexia,
988 1301 1052 1380 IV,

278 1412 344 1484 25,
375 1432 427 1494 27.

57 1518 163 1588 llortis
181 1521 214 1585 in
233 1520 411 1584 mutatione
433 1516 605 1582 decubitus
624 1517 801 1606 ingruentis
819 1541 914 1585 causa
934 1571 943 1596 ,
961 1519 1049 1596 XX,

105 1633 154 1694 18.
676 1691 680 1700 .

60 1736 140 1804 Ilors
157 1738 264 1804 subita
289 1761 307 1802 a
331 1735 516 1826 gravissimo
539 1734 653 1821 capitis
673 1736 739 1801 ictu
760 1736 827 1802 sine
851 1735 913 1804 ulla
928 1738 1057 1804 inventa

101 1847 256 1935 peculiari
273 1849 400 1913 laesiune
414 1833 444 1922 ‚s
452 1844 550 1920 VIII,
577 1846 637 1926 ,15.

63 1955 182 2025 Mortua
199 1969 283 2022 esset
302 1979 342 2020 an
360 1956 429 2020 viva
446 1955 586 2028 mulier,
603 1954 719 2040 quibus
736 1954 839 2021 modis
858 1957 898 2020 sit
913 1956 1056 2046 explora-

104 2078 182 2131 tum.
209 2065 242 2129 V
243 2065 290 2129 id.
314 2063 490 2150 Hystericae
508 2063 670 2128 mulleres.

65 2172 261 2240 Mortuerum
285 2163 417 2262 reponte
432 2171 646 2238 ventrIoalum
673 2173 779 2240 cordis
802 2175 965 2240 siuistrum
988 2199 1059 2242 san-

106 2284 201 2375 guine
219 2307 356 2350 vacnum
372 2305 460 2358 esse,
483 2283 630 2348 uniuerso
647 2305 758 2347 verum
775 2306 840 2348 non
857 2297 924 2362 est,
943 2283 1057 2363 XVII,

110 2395 158 2458 15.

68 2499 226 2568 Muliebris
243 2501 327 2566 lluor
338 2524 418 2588 quos
435 2499 625 2589 plerumque
638 2499 740 2567 fontes
754 2512 787 2567 et
799 2525 909 2569 causas
927 2503 1057 2582 habeat,
1090 2509 1094 2519 '
1122 2579 1125 2586 Ι

109 2610 251 2687 XLVII,
274 2635 333 2685 ιι,
363 2632 401 2695 29
423 2623 455 2674 et
477 2633 563 2698 seqq.

151 2745 169 2786 a
188 2722 306 2810 quibus
322 2718 371 2785 vel
387 2717 464 2786 oIIm
483 2743 543 2808 pro
568 2720 649 2785 uteri
669 2719 837 2786 rheumate
855 2720 984 2787 habitus
1001 2723 1064 2802 sit,

198 2828 364 2893 thidum.
394 2897 399 2900 ,

152 2950 260 3026 potest
282 2938 379 3003 etiam
405 2937 522 3002 teneris
538 2935 656 3024 puellis
676 2936 833 3004 accidere.
865 2938 954 3005 Ibid.
981 2943 1030 3006 15.

143 3047 285 3133 „quidam
304 3070 367 3135 quo
394 3046 537 3112 remedio
557 3048 712 3112 sublatus.
737 3047 826 3111 lota:
851 3050 903 3113 25.

74 3147 207 3222 Mulieris
223 3157 340 3245 septies
364 3168 662 3254 nuptaepanatome,
690 3155 873 3232 XXXVII,
895 3180 946 3244 29.

75 3255 240 3342 Mulierus‚
268 3265 350 3332 God.
371 3265 456 3333 Guil.
481 3289 520 3332 ex
541 3265 620 3331 Caes.
649 3265 687 3332 N.
709 3264 745 3330 G.
771 3265 870 3332 acad.
893 3268 1066 3351 laudatus,
1135 3297 1140 3330 ;
1171 3253 1173 3258 ⁵

81 3373 84 3382 “
114 3371 297 3450 XXXVII,
326 3374 380 3453 45.

34 3529 37 3532 .
77 3465 246 3561 Ilullerue,
269 3485 321 3549 Jo.
341 3481 454 3549 Matth.
479 3455 518 3548 ex
540 3481 610 3548 ead.
636 3481 735 3550 lead.
760 3481 927 3563 laudatus,
952 3487 1066 3568 XLII,

118 3591 168 3666 42.
189 3593 289 3670 LIX,
313 3596 343 3659 5.
630 3625 632 3632 ¹

80 3691 207 3768 Museuli
221 3704 397 3792 longissimi
412 3702 497 3768 dorsi
512 3703 545 3768 in
565 3701 661 3768 dorso
679 3725 742 3768 non
763 3709 867 3772 solent
895 3709 1065 3790 desInore,

121 3804 234 3886 LVII,
262 3814 310 3878 18.
956 3873 958 3878 ,

82 3905 293 3987 Musculorum
306 3943 381 3990 oaro
394 3920 502 4010 augeri
518 3882 623 4007 potest
634 3933 749 4010 praeter
760 3935 907 3998 naturam
922 3975 931 4003 ,
945 3889 1068 4014 XVIII,

92 4101 96 4108 ,
124 4022 174 4090 25.
