2850 4676
274 403 278 412 '
303 405 367 477 ‚so
640 425 760 470 innox
795 426 972 474 noutnuu

391 533 464 622 ejus
480 531 602 602 honniae
626 531 775 598 sacculus
801 545 850 598 est
867 546 955 600 extra
972 534 1122 622 vaginam
1145 535 1314 624 spermati-

435 665 549 708 corum
563 665 733 720 vasonum,
750 641 778 710 V
795 693 804 720 ,
827 667 878 731 19,
898 643 1001 721 XXI,
1020 645 1071 709 15.
1084 643 1251 720 XXXIV,
1271 646 1311 720 5,

435 775 467 840 9.
494 751 624 827 XLIII,
646 754 677 817 8.

291 873 298 882 “
390 881 469 926 num
498 873 646 950 respectu
668 861 841 949 ipsorum,
876 860 992 927 eodem
1020 863 1062 928 sit
1089 885 1218 952 semper
1234 863 1306 928 situ.

435 968 527 1035 loto.
650 997 656 1006 ·

389 1078 430 1144 ab
442 1101 479 1144 oa
496 1061 573 1167 quid
585 1059 749 1166 proximus
767 1079 857 1157 testis
869 1079 1034 1146 interdum
1046 1081 1198 1169 patiatur.
1215 1079 1306 1146 Ittd.

439 1209 498 1264 ts,
516 1199 549 1252 et
564 1187 695 1262 XXIV,
720 1189 769 1253 ιθ.

477 1309 612 1392 possunt
635 1299 832 1363 vasulaotoa
852 1299 1039 1365 mesontorii
1062 1297 1224 1386 disrumpi
1251 1299 1308 1364 ali-

521 1405 673 1493 quando,
697 1419 730 1472 ot
751 1407 865 1472 ascitos
892 1405 989 1483 fiori,
1021 1405 1229 1481 XXXVIII,
1251 1409 1281 1472 5.

387 1513 584 1580 enterocelas
604 1539 644 1580 ex
671 1516 732 1581 ooli
756 1515 906 1603 portione
932 1518 1107 1605 exempla,
1134 1515 1305 1594 XXXIV,

398 1668 400 1680 .
440 1624 477 1687 15
505 1635 537 1687 et
561 1635 648 1711 seqq.

478 1757 517 1798 ex
533 1735 598 1800 solo
615 1731 827 1822 appendicula
845 1733 1070 1808 vermiformi,
1095 1745 1129 1800 ot
1144 1734 1305 1822 quomodo

520 1841 583 1907 hoc
599 1844 699 1930 possit
717 1841 890 1920 accidere,
916 1841 1052 1920 XLIII,
1079 1845 1110 1908 5.

388 1946 571 2016 enterocele
593 1953 818 2028 incarcerato,
848 1951 1014 2039 quomodo
1042 1965 1246 2018 recrementa
1273 1967 1303 2017 et

433 2059 575 2126 materiae
589 2061 657 2126 aliae
670 2061 805 2126 transire
819 2073 852 2126 ot
864 2059 963 2149 dejici
980 2061 1125 2150 possint,
1141 2061 1300 2139 XXXIV,

439 2171 479 2247 14
495 2182 527 2234 et
547 2192 634 2258 seqq.
654 2217 663 2248 ,
688 2195 737 2257 ¹9·

479 2278 513 2344 id
536 2278 633 2354 fieri,
658 2281 732 2367 quia
755 2302 821 2345 non
843 2280 942 2358 tubus
965 2280 1034 2368 ipso
1058 2280 1227 2356 intestini,
1252 2293 1304 2345 sut

521 2412 587 2454 non
607 2399 693 2454 totus
709 2389 750 2462 sit
768 2389 993 2477 interceptus,
1014 2390 1071 2477 qui
1091 2387 1168 2454 olim
1183 2387 1302 2460 indica-

521 2499 635 2564 verint.
657 2497 748 2562 Ibid.
776 2500 839 2564 16.Ι

478 2618 627 2672 otverum
637 2606 768 2693 quidem
778 2628 924 2697 ponsaepo
934 2619 992 2692 est.
1005 2607 1097 2672 Ibid.
1121 2609 1201 2673 15et
1215 2631 1297 2697 seqq.

477 2715 534 2780 sod
554 2739 619 2784 non
637 2740 783 2805 sempor,
814 2730 846 2782 et
864 2740 933 2782 cun.
951 2716 970 2782 I
973 2716 1041 2781 bid.
1068 2719 1105 2782 18
1119 2731 1151 2782 ot
1168 2741 1256 2804 seqq.

182 2852 184 2860 ·
265 2873 267 2878 ,
388 2825 420 2890 in
438 2827 620 2892 enterocele
635 2849 713 2892 num
731 2825 884 2914 clysteres
898 2824 1074 2892 damnandi
1092 2825 1280 2902 sint‚XLIII
1290 2877 1299 2904 ,

435 2957 484 3000 11.

468 3055 546 3131 'quae
567 3041 714 3109 laudaret
732 3041 786 3108 au't
798 3043 985 3134 prohiberet
1001 3043 1158 3112 ansalvo.
1185 3043 1275 3110 loto.

296 3152 435 3218 Herniae.
466 3151 665 3240 Hydroooles
695 3153 814 3218 humor
843 3155 927 3219 intua
954 3154 1133 3242 voginalern
1158 3155 1297 3220 tunicam

342 3258 427 3326 undo
455 3261 575 3324 oriatur
598 3261 663 3327 non
689 3285 783 3338 rano,
814 3263 921 3340 XXI,
962 3285 1011 3355 tp.
1040 3262 1174 3339 XLIII,
1208 3265 1246 3328 16
1268 3274 1298 3328 ot

339 3391 427 3456 seqq.
462 3382 495 3434 et
520 3371 596 3444 52„

382 3501 482 3566 genus
514 3479 681 3566 quoddam
716 3481 801 3545 inter
833 3479 1011 3571 albugineae
1045 3479 1180 3546 IomInos
1212 3497 1295 3544 nuno

317 3609 326 3626 *
405 3637 408 3648 .
427 3587 569 3676 primum
587 3589 721 3654 sortasse
743 3577 973 3667 obsonatum,
995 3589 1129 3668 XLIII,
1156 3591 1192 3654 51
1211 3639 1220 3665 ,
1239 3591 1290 3654 52.

379 3708 479 3786 genus
496 3700 651 3773 alterum,
670 3698 703 3762 id
719 3712 767 3764 ost
783 3700 866 3765 inter
887 3698 1020 3780 cellulas
1044 3723 1115 3786 quae
1133 3721 1227 3786 supra
1244 3721 1292 3763 va-

424 3805 563 3894 ginalom
582 3817 674 3881 sunt,
690 3809 746 3896 qui
761 3807 860 3885 olim,
880 3821 913 3876 st
927 3809 982 3897 qui
998 3819 1109 3898 postea
1124 3807 1290 3873 adnotave-

423 3914 499 3981 rint.
522 3914 613 3980 loto.
637 3917 690 3980 52.
