2850 4676
345 441 393 488 sr
421 439 548 486 nnnuu
578 438 841 488 norsnrnruu.
1035 427 1097 505 24⁵

91 549 244 642 Hydrops
261 550 393 617 Ascites.
415 553 463 616 Ab
484 552 554 639 ejus
572 551 676 616 causis
697 573 758 618 neo
773 557 901 639 semper
921 538 1097 622 excluden-

142 663 208 738 da,
234 681 295 728 uec
311 670 437 749 semper
454 659 503 726 his
524 655 766 726 annumeranda
788 661 911 750 hepatis
931 675 985 730 sut
1006 663 1097 735 lienis

140 773 240 849 vitia,
259 769 458 846 XXXVIII,
481 793 531 857 19·
739 848 743 857 .

184 879 346 968 quomode
373 877 429 944 fiat
452 879 561 944 vitiato
582 878 722 966 hepate,
743 891 797 944 sut
820 881 914 946 liene.
940 880 1034 948 Itis.
1062 876 1116 949 et.

184 987 353 1064 XXXVI,
380 989 431 1053 tt.

181 1095 344 1184 quomodo
362 1096 465 1161 sactus
491 1095 530 1160 ab
551 1093 785 1182 hydatidibus,
810 1097 906 1166 etiam
932 1122 998 1163 nun
1015 1121 1099 1186 prae-

227 1206 398 1281 sentibus,
423 1203 634 1293 dignoscatur
655 1255 664 1280 ‚
689 1195 893 1283 XXXVIII,
913 1209 953 1271 35
972 1219 1004 1272 et
1029 1233 1094 1296 seq.

181 1315 330 1403 qualibus
360 1315 399 1378 ab
423 1313 631 1402 hydatidibus
655 1313 777 1379 sactum
806 1314 920 1380 viderit
938 1315 1093 1384 Aretaeus.

228 1421 348 1498 rste„
373 1423 428 1501 45.
610 1401 614 1409 '
719 1421 721 1432 ‘

185 1557 203 1598 e
227 1533 485 1620 quibuscumque
509 1527 720 1618 hydatidibus
741 1531 845 1599 fectus
862 1583 870 1609 ‚
889 1533 1044 1621 quando,
1069 1548 1101 1624 et

232 1663 291 1706 cur
306 1639 501 1706 insanabilis.
524 1639 617 1704 Ittd.
673 1673 681 1688 ·

95 1749 247 1840 Hydrops
269 1749 401 1814 Ascites.
424 1749 460 1813 In
478 1773 517 1813 ee
534 1750 656 1816 viscera
675 1772 740 1814 non
761 1771 887 1838 semper
911 1751 950 1815 ab
968 1775 1049 1839 aqua
1065 1755 1099 1818 in

142 1883 207 1950 qua
236 1871 338 1934 sunt,
367 1853 425 1922 sed
448 1870 481 1923 et
496 1859 536 1922 ah
568 1881 605 1922 ea
633 1881 730 1946 quam
749 1859 916 1925 continent
940 1861 1102 1928 interdum

140 1979 406 2056 corrumpuntur.
434 1965 526 2037 [tiu.
547 1969 601 2046 dn.
698 1987 706 2004 ·

185 2099 245 2144 cur
259 2089 425 2142 omentum
442 2078 635 2164 plerumque
651 2097 718 2139 nen
739 2075 911 2164 integrum.
934 2075 1025 2142 Ibid.
1045 2081 1096 2145 56.

185 2189 255 2278 ejus
297 2187 393 2252 suluti
427 2209 484 2273 per
526 2197 675 2251 naturam
715 2183 872 2272 exempla.
914 2185 1005 2251 Ibid.
1045 2189 1096 2253 52.

197 2310 201 2326 ‘
231 2293 406 2371 XXXIX,
434 2315 486 2379 29.

187 2427 247 2473 cur
264 2399 372 2470 solutu
388 2401 544 2477 difficilis,
565 2397 745 2466 XXXVIII
762 2449 772 2476 ‚
791 2401 828 2466 51
846 2413 880 2466 et
898 2425 985 2490 seqq.

185 2513 282 2581 soluti
303 2513 341 2577 ab
371 2523 440 2576 erte
466 2534 525 2598 per
544 2509 754 2598 punctionem
781 2510 904 2586 scroti,
928 2523 983 2576 aut
1009 2511 1101 2580 aliter

231 2617 548 2710 exemplaquomedo
564 2619 687 2705 possint
699 2639 768 2684 esse
781 2620 914 2684 incerte.
934 2620 953 2684 I
958 2620 1025 2685 bid.
1040 2625 1096 2687 ¹52.

187 2732 221 2797 in
238 2755 276 2796 eo
301 2754 318 2794 a
340 2731 456 2818 quibus
477 2729 554 2794 olim
570 2727 644 2791 data
660 2727 907 2817 quadrupedum
924 2732 1095 2816 quorumd.

234 2841 335 2906 urina.
363 2837 456 2905 Ibid.
479 2839 533 2902 so.

187 2951 327 3018 vaccinae
349 2949 403 3036 qui
420 2945 555 3013 effectus
575 2945 682 3010 fuerit.
701 2942 793 3010 Itis.

188 3059 244 3146 qui
263 3057 489 3146 paracentesis.
520 3055 551 3118 V
553 3052 599 3118 id.
625 3052 853 3120 Pareeentesis.

188 3186 248 3256 per
266 3186 381 3231 renem
406 3160 622 3230 umbilicrdem
648 3185 744 3250 equas
768 3161 917 3239 effundi,
946 3167 1001 3253 qui
1025 3168 1102 3233 olim

233 3273 381 3340 diresint.
406 3273 496 3340 Ibid.
526 3275 579 3338 55.

186 3403 300 3452 eorum
324 3383 379 3472 qui
407 3381 491 3446 hane
524 3403 638 3447 venam
665 3403 700 3446 se
729 3380 886 3446 invenisse
913 3385 1096 3460 reclusam,

235 3498 326 3558 aiunt
342 3541 350 3569 ,
374 3490 537 3578 quomode
556 3490 793 3556 ohservationes
809 3492 873 3556 sint
887 3493 1093 3578 explicandae.

234 3600 324 3666 Ibid.

98 3709 249 3802 Hydrops
266 3709 400 3775 Ascites.
416 3708 511 3773 Hune
531 3730 549 3771 a
570 3707 707 3796 pertusis
731 3709 877 3776 uretibus
893 3731 987 3796 posse
1003 3709 1097 3788 fieri,
1172 3709 1175 3716 ’

143 3821 200 3910 qui
216 3817 312 3907 primi
331 3818 557 3906 experimentis
574 3814 756 3882 inditrarint.
780 3813 979 3893 XXXVIII,
1003 3815 1051 3904 19]

188 3951 264 3994 cum
296 3927 394 4005 ascite
418 3925 470 3993 alii
497 3926 662 4014 hydropes
684 3928 874 4014 plerumque
902 3925 1095 4015 junguntur.

237 4034 330 4105 lttu.
347 4037 378 4103 5.
879 4033 937 4099 ui*
1021 4053 1026 4062 ·
