<?xml version="1.0" encoding="UTF-8"?>
<!DOCTYPE html PUBLIC "-//W3C//DTD XHTML 1.0 Transitional//EN"
    "http://www.w3.org/TR/xhtml1/DTD/xhtml1-transitional.dtd">
<html xmlns="http://www.w3.org/1999/xhtml" xml:lang="en" lang="en">
 <head>
  <title>
</title>
<meta http-equiv="Content-Type" content="text/html;charset=utf-8" />
  <meta name='ocr-system' content='tesseract 3.04.00' />
  <meta name='ocr-capabilities' content='ocr_page ocr_carea ocr_par ocr_line ocrx_word'/>
</head>
<body>
  <div class='ocr_page' id='page_1' title='image "./desedibusetcaus04adelgoog_0288.png"; bbox 0 0 2828 4678; ppageno 0'>
   <div class='ocr_carea' id='block_1_1' title="bbox 314 457 1061 528">
    <p class='ocr_par' dir='ltr' id='par_1_1' title="bbox 314 457 1061 528">
     <span class='ocr_line' id='line_1_1' title="bbox 314 457 1061 528; baseline -0.009 0"><span class='ocrx_word' id='word_1_1' title='bbox 314 485 364 528; x_wconf 79' lang='lat' dir='ltr'><strong>nr</strong></span> <span class='ocrx_word' id='word_1_2' title='bbox 388 484 512 528; x_wconf 77' lang='lat' dir='ltr'><strong>nnnnn</strong></span> <span class='ocrx_word' id='word_1_3' title='bbox 536 481 805 528; x_wconf 76' lang='lat' dir='ltr'><strong>nornnrnrnn.</strong></span> <span class='ocrx_word' id='word_1_4' title='bbox 999 457 1061 524; x_wconf 73' lang='lat'><strong>285</strong></span> 
     </span>
    </p>
   </div>
   <div class='ocr_carea' id='block_1_2' title="bbox 49 585 1115 4052">
    <p class='ocr_par' dir='ltr' id='par_1_2' title="bbox 49 585 1115 4052">
     <span class='ocr_line' id='line_1_2' title="bbox 238 585 1115 680; baseline -0.005 -26"><span class='ocrx_word' id='word_1_5' title='bbox 238 589 322 656; x_wconf 87' lang='lat' dir='ltr'><strong>unde</strong></span> <span class='ocrx_word' id='word_1_6' title='bbox 344 591 518 680; x_wconf 83' lang='lat' dir='ltr'><strong>deceptos,</strong></span> <span class='ocrx_word' id='word_1_7' title='bbox 543 593 597 678; x_wconf 90' lang='lat' dir='ltr'><strong>qui</strong></span> <span class='ocrx_word' id='word_1_8' title='bbox 613 592 663 656; x_wconf 82' lang='lat' dir='ltr'><strong>sie</strong></span> <span class='ocrx_word' id='word_1_9' title='bbox 675 589 872 678; x_wconf 76' lang='lat' dir='ltr'><strong>putaverim.</strong></span> <span class='ocrx_word' id='word_1_10' title='bbox 906 585 996 652; x_wconf 68' lang='lat' dir='ltr'><strong>Ilm.</strong></span> <span class='ocrx_word' id='word_1_11' title='bbox 1113 605 1115 614; x_wconf 77' lang='grc'>’</span> 
     </span>
     <span class='ocr_line' id='line_1_3' title="bbox 149 694 1056 788; baseline -0.007 -24"><span class='ocrx_word' id='word_1_12' title='bbox 149 698 221 786; x_wconf 83' lang='lat' dir='ltr'><strong>ejus</strong></span> <span class='ocrx_word' id='word_1_13' title='bbox 240 697 450 788; x_wconf 79' lang='lat' dir='ltr'><strong>Melplghiana</strong></span> <span class='ocrx_word' id='word_1_14' title='bbox 470 711 633 765; x_wconf 71' lang='lat' dir='ltr'><strong>structura</strong></span> <span class='ocrx_word' id='word_1_15' title='bbox 646 699 839 776; x_wconf 79' lang='lat' dir='ltr'><strong>observata,</strong></span> <span class='ocrx_word' id='word_1_16' title='bbox 861 694 981 771; x_wconf 92' lang='lat' dir='ltr'>XXII,</span> <span class='ocrx_word' id='word_1_17' title='bbox 1007 717 1056 760; x_wconf 83' lang='grc' dir='ltr'><strong>ιο.</strong></span> 
     </span>
     <span class='ocr_line' id='line_1_4' title="bbox 142 804 1058 896; baseline -0.003 -25"><span class='ocrx_word' id='word_1_18' title='bbox 142 807 228 874; x_wconf 84' lang='lat' dir='ltr'><strong>inter</strong></span> <span class='ocrx_word' id='word_1_19' title='bbox 251 809 355 896; x_wconf 87' lang='lat' dir='ltr'><strong>ipsum</strong></span> <span class='ocrx_word' id='word_1_20' title='bbox 371 821 404 872; x_wconf 77' lang='lat' dir='ltr'><strong>el</strong></span> <span class='ocrx_word' id='word_1_21' title='bbox 424 829 480 874; x_wconf 87' lang='lat' dir='ltr'><strong>eor</strong></span> <span class='ocrx_word' id='word_1_22' title='bbox 495 832 574 874; x_wconf 90' lang='lat' dir='ltr'><strong>num</strong></span> <span class='ocrx_word' id='word_1_23' title='bbox 590 810 623 876; x_wconf 82' lang='lat' dir='ltr'><strong>ln</strong></span> <span class='ocrx_word' id='word_1_24' title='bbox 644 808 721 874; x_wconf 86' lang='lat' dir='ltr'>vivis</span> <span class='ocrx_word' id='word_1_25' title='bbox 733 807 861 874; x_wconf 92' lang='lat' dir='ltr'><strong>nullum</strong></span> <span class='ocrx_word' id='word_1_26' title='bbox 883 805 923 871; x_wconf 82' lang='lat' dir='ltr'><strong>sit</strong></span> <span class='ocrx_word' id='word_1_27' title='bbox 941 804 1058 870; x_wconf 81' lang='lat' dir='ltr'><strong>Inters-</strong></span> 
     </span>
     <span class='ocr_line' id='line_1_5' title="bbox 191 913 562 993; baseline 0.003 -13"><span class='ocrx_word' id='word_1_28' title='bbox 191 915 323 991; x_wconf 80' lang='lat' dir='ltr'><strong>titium,</strong></span> <span class='ocrx_word' id='word_1_29' title='bbox 353 913 482 993; x_wconf 86' lang='lat' dir='ltr'>LXVI,</span> <span class='ocrx_word' id='word_1_30' title='bbox 514 939 562 981; x_wconf 86' lang='grc' dir='ltr'><strong>ιο.</strong></span> 
     </span>
     <span class='ocr_line' id='line_1_6' title="bbox 142 1021 941 1112; baseline 0 -24"><span class='ocrx_word' id='word_1_31' title='bbox 142 1023 215 1112; x_wconf 89' lang='lat' dir='ltr'><strong>ejus</strong></span> <span class='ocrx_word' id='word_1_32' title='bbox 233 1023 273 1088; x_wconf 86' lang='lat' dir='ltr'><strong>nd</strong></span> <span class='ocrx_word' id='word_1_33' title='bbox 291 1046 348 1089; x_wconf 86' lang='lat' dir='ltr'><strong>eor</strong></span> <span class='ocrx_word' id='word_1_34' title='bbox 368 1023 557 1090; x_wconf 75' lang='lat' dir='ltr'><strong>adhaesionis</strong></span> <span class='ocrx_word' id='word_1_35' title='bbox 574 1047 702 1097; x_wconf 81' lang='lat' dir='ltr'><strong>eausae,</strong></span> <span class='ocrx_word' id='word_1_36' title='bbox 722 1021 863 1098; x_wconf 91' lang='lat' dir='ltr'>XXIII,</span> <span class='ocrx_word' id='word_1_37' title='bbox 891 1046 941 1109; x_wconf 88' lang='lat'><strong>17.</strong></span> 
     </span>
     <span class='ocr_line' id='line_1_7' title="bbox 233 1132 1058 1222; baseline 0 -26"><span class='ocrx_word' id='word_1_38' title='bbox 233 1133 289 1220; x_wconf 89' lang='lat' dir='ltr'><strong>qui</strong></span> <span class='ocrx_word' id='word_1_39' title='bbox 304 1132 389 1199; x_wconf 87' lang='lat' dir='ltr'><strong>hanc</strong></span> <span class='ocrx_word' id='word_1_40' title='bbox 406 1134 548 1222; x_wconf 88' lang='lat' dir='ltr'><strong>primum</strong></span> <span class='ocrx_word' id='word_1_41' title='bbox 561 1146 592 1199; x_wconf 85' lang='lat' dir='ltr'><strong>et</strong></span> <span class='ocrx_word' id='word_1_42' title='bbox 608 1133 785 1222; x_wconf 80' lang='lat' dir='ltr'><strong>deinceps,</strong></span> <span class='ocrx_word' id='word_1_43' title='bbox 802 1143 835 1198; x_wconf 83' lang='lat' dir='ltr'><strong>et</strong></span> <span class='ocrx_word' id='word_1_44' title='bbox 850 1133 967 1220; x_wconf 87' lang='lat' dir='ltr'><strong>quibus</strong></span> <span class='ocrx_word' id='word_1_45' title='bbox 983 1153 1058 1197; x_wconf 80' lang='lat' dir='ltr'><strong>eum</strong></span> 
     </span>
     <span class='ocr_line' id='line_1_8' title="bbox 276 1240 1009 1330; baseline 0 -26"><span class='ocrx_word' id='word_1_46' title='bbox 276 1243 545 1330; x_wconf 78' lang='lat' dir='ltr'><strong>symptometibns</strong></span> <span class='ocrx_word' id='word_1_47' title='bbox 566 1243 818 1309; x_wconf 72' lang='lat' dir='ltr'><strong>observaverint.</strong></span> <span class='ocrx_word' id='word_1_48' title='bbox 839 1240 928 1306; x_wconf 74' lang='lat' dir='ltr'><strong>Ibid.</strong></span> <span class='ocrx_word' id='word_1_49' title='bbox 960 1243 1009 1305; x_wconf 91' lang='lat'><strong>18.</strong></span> 
     </span>
     <span class='ocr_line' id='line_1_9' title="bbox 136 1346 1051 1440; baseline 0.001 -26"><span class='ocrx_word' id='word_1_50' title='bbox 136 1347 209 1436; x_wconf 87' lang='lat' dir='ltr'><strong>ejus</strong></span> <span class='ocrx_word' id='word_1_51' title='bbox 221 1346 393 1415; x_wconf 85' lang='lat' dir='ltr'><strong>humorem</strong></span> <span class='ocrx_word' id='word_1_52' title='bbox 408 1351 465 1437; x_wconf 91' lang='lat' dir='ltr'><strong>qui</strong></span> <span class='ocrx_word' id='word_1_53' title='bbox 480 1351 604 1440; x_wconf 88' lang='lat' dir='ltr'><strong>primus</strong></span> <span class='ocrx_word' id='word_1_54' title='bbox 617 1349 866 1426; x_wconf 75' lang='lat' dir='ltr'>memoraverit,</span> <span class='ocrx_word' id='word_1_55' title='bbox 884 1348 979 1425; x_wconf 89' lang='lat' dir='ltr'>XVI,</span> <span class='ocrx_word' id='word_1_56' title='bbox 996 1352 1051 1429; x_wconf 89' lang='grc'><strong>42.</strong></span> 
     </span>
     <span class='ocr_line' id='line_1_10' title="bbox 233 1455 1030 1548; baseline 0.006 -29"><span class='ocrx_word' id='word_1_57' title='bbox 233 1455 259 1520; x_wconf 85' lang='lat' dir='ltr'><strong>is</strong></span> <span class='ocrx_word' id='word_1_58' title='bbox 283 1469 370 1524; x_wconf 82' lang='lat' dir='ltr'><strong>certe</strong></span> <span class='ocrx_word' id='word_1_59' title='bbox 389 1460 561 1547; x_wconf 79' lang='lat' dir='ltr'><strong>aliquande</strong></span> <span class='ocrx_word' id='word_1_60' title='bbox 579 1483 686 1548; x_wconf 87' lang='lat' dir='ltr'><strong>perse</strong></span> <span class='ocrx_word' id='word_1_61' title='bbox 706 1460 800 1526; x_wconf 79' lang='lat' dir='ltr'><strong>rubet</strong></span> <span class='ocrx_word' id='word_1_62' title='bbox 817 1510 828 1537; x_wconf 88' lang='lat'>,</span> <span class='ocrx_word' id='word_1_63' title='bbox 845 1457 973 1534; x_wconf 88' lang='lat' dir='ltr'>XLIV,</span> <span class='ocrx_word' id='word_1_64' title='bbox 999 1461 1030 1525; x_wconf 79' lang='lat'><strong>5.</strong></span> 
     </span>
     <span class='ocr_line' id='line_1_11' title="bbox 231 1562 1054 1658; baseline 0.004 -28"><span class='ocrx_word' id='word_1_65' title='bbox 231 1562 361 1632; x_wconf 76' lang='lat' dir='ltr'><strong>fallaces</strong></span> <span class='ocrx_word' id='word_1_66' title='bbox 380 1567 451 1654; x_wconf 85' lang='lat' dir='ltr'><strong>ejus</strong></span> <span class='ocrx_word' id='word_1_67' title='bbox 468 1580 592 1635; x_wconf 75' lang='lat' dir='ltr'><strong>nature</strong></span> <span class='ocrx_word' id='word_1_68' title='bbox 607 1569 807 1658; x_wconf 83' lang='lat' dir='ltr'><strong>inquirendae</strong></span> <span class='ocrx_word' id='word_1_69' title='bbox 823 1567 935 1642; x_wconf 89' lang='lat' dir='ltr'>modi,</span> <span class='ocrx_word' id='word_1_70' title='bbox 957 1567 1054 1645; x_wconf 88' lang='lat' dir='ltr'>XVI,</span> 
     </span>
     <span class='ocr_line' id='line_1_12' title="bbox 51 1776 1055 1874; baseline 0.005 -28"><span class='ocrx_word' id='word_1_71' title='bbox 51 1776 226 1847; x_wconf 84' lang='lat' dir='ltr'><strong>Pericardii</strong></span> <span class='ocrx_word' id='word_1_72' title='bbox 249 1779 431 1870; x_wconf 78' lang='lat' dir='ltr'><strong>hydropem</strong></span> <span class='ocrx_word' id='word_1_73' title='bbox 454 1807 533 1850; x_wconf 91' lang='lat' dir='ltr'><strong>num</strong></span> <span class='ocrx_word' id='word_1_74' title='bbox 557 1784 744 1861; x_wconf 82' lang='lat' dir='ltr'><strong>Avenzear,</strong></span> <span class='ocrx_word' id='word_1_75' title='bbox 765 1809 806 1851; x_wconf 84' lang='lat' dir='ltr'><strong>nn</strong></span> <span class='ocrx_word' id='word_1_76' title='bbox 833 1786 939 1874; x_wconf 78' lang='lat' dir='ltr'><strong>petius</strong></span> <span class='ocrx_word' id='word_1_77' title='bbox 959 1783 1055 1852; x_wconf 86' lang='lat' dir='ltr'><strong>Gale-</strong></span> 
     </span>
     <span class='ocr_line' id='line_1_13' title="bbox 90 1890 748 1978; baseline 0.009 -22"><span class='ocrx_word' id='word_1_78' title='bbox 90 1912 150 1956; x_wconf 88' lang='lat' dir='ltr'><strong>nus</strong></span> <span class='ocrx_word' id='word_1_79' title='bbox 167 1890 294 1978; x_wconf 87' lang='lat' dir='ltr'><strong>primus</strong></span> <span class='ocrx_word' id='word_1_80' title='bbox 313 1894 664 1961; x_wconf 62' lang='lat' dir='ltr'><strong>memoraverit.‘lbid.</strong></span> <span class='ocrx_word' id='word_1_81' title='bbox 696 1920 748 1962; x_wconf 87' lang='grc' dir='ltr'><strong>2ο.</strong></span> 
     </span>
     <span class='ocr_line' id='line_1_14' title="bbox 134 1999 1052 2095; baseline 0.005 -32"><span class='ocrx_word' id='word_1_82' title='bbox 134 1999 319 2065; x_wconf 76' lang='lat' dir='ltr'><strong>rarissimus</strong></span> <span class='ocrx_word' id='word_1_83' title='bbox 346 2014 394 2066; x_wconf 82' lang='lat' dir='ltr'><strong>est</strong></span> <span class='ocrx_word' id='word_1_84' title='bbox 424 2026 483 2090; x_wconf 88' lang='lat' dir='ltr'><strong>per</strong></span> <span class='ocrx_word' id='word_1_85' title='bbox 514 2027 548 2070; x_wconf 83' lang='lat' dir='ltr'><strong>se</strong></span> <span class='ocrx_word' id='word_1_86' title='bbox 570 2003 684 2079; x_wconf 82' lang='lat' dir='ltr'><strong>solus3</strong></span> <span class='ocrx_word' id='word_1_87' title='bbox 716 2004 867 2095; x_wconf 80' lang='lat' dir='ltr'><strong>frequens</strong></span> <span class='ocrx_word' id='word_1_88' title='bbox 887 2025 963 2069; x_wconf 84' lang='lat' dir='ltr'><strong>eum</strong></span> <span class='ocrx_word' id='word_1_89' title='bbox 984 2002 1052 2068; x_wconf 83' lang='lat' dir='ltr'><strong>aliis</strong></span> 
     </span>
     <span class='ocr_line' id='line_1_15' title="bbox 179 2109 690 2197; baseline 0.012 -23"><span class='ocrx_word' id='word_1_90' title='bbox 179 2109 324 2197; x_wconf 84' lang='lat' dir='ltr'><strong>junctus.</strong></span> <span class='ocrx_word' id='word_1_91' title='bbox 350 2110 444 2177; x_wconf 73' lang='lat' dir='ltr'><strong>leid.</strong></span> <span class='ocrx_word' id='word_1_92' title='bbox 467 2126 499 2179; x_wconf 88' lang='lat' dir='ltr'><strong>et</strong></span> <span class='ocrx_word' id='word_1_93' title='bbox 519 2113 611 2190; x_wconf 90' lang='lat' dir='ltr'><strong>XX,</strong></span> <span class='ocrx_word' id='word_1_94' title='bbox 637 2117 690 2191; x_wconf 77' lang='grc'><strong>54.</strong></span> 
     </span>
     <span class='ocr_line' id='line_1_16' title="bbox 137 2217 1049 2310; baseline 0.001 -26"><span class='ocrx_word' id='word_1_95' title='bbox 137 2217 237 2284; x_wconf 82' lang='lat' dir='ltr'><strong>solius</strong></span> <span class='ocrx_word' id='word_1_96' title='bbox 254 2219 492 2287; x_wconf 81' lang='lat' dir='ltr'><strong>observationes</strong></span> <span class='ocrx_word' id='word_1_97' title='bbox 507 2224 647 2310; x_wconf 80' lang='lat' dir='ltr'><strong>aliquot,</strong></span> <span class='ocrx_word' id='word_1_98' title='bbox 665 2219 762 2297; x_wconf 85' lang='lat' dir='ltr'>XVI,</span> <span class='ocrx_word' id='word_1_99' title='bbox 778 2243 814 2288; x_wconf 80' lang='grc'><strong>22</strong></span> <span class='ocrx_word' id='word_1_100' title='bbox 829 2273 837 2297; x_wconf 93' lang='grc'><strong>,</strong></span> <span class='ocrx_word' id='word_1_101' title='bbox 854 2244 893 2286; x_wconf 89' lang='grc'><strong>22</strong></span> <span class='ocrx_word' id='word_1_102' title='bbox 906 2271 914 2296; x_wconf 89' lang='grc'><strong>,</strong></span> <span class='ocrx_word' id='word_1_103' title='bbox 927 2222 1049 2300; x_wconf 78' lang='grc'><strong>24,45.</strong></span> 
     </span>
     <span class='ocr_line' id='line_1_17' title="bbox 131 2327 1050 2420; baseline 0.001 -26"><span class='ocrx_word' id='word_1_104' title='bbox 131 2327 221 2394; x_wconf 83' lang='lat' dir='ltr'><strong>unde</strong></span> <span class='ocrx_word' id='word_1_105' title='bbox 237 2327 278 2393; x_wconf 82' lang='lat' dir='ltr'><strong>sit</strong></span> <span class='ocrx_word' id='word_1_106' title='bbox 299 2329 471 2404; x_wconf 76' lang='lat' dir='ltr'><strong>difficultas</strong></span> <span class='ocrx_word' id='word_1_107' title='bbox 488 2333 561 2420; x_wconf 86' lang='lat' dir='ltr'><strong>ejus</strong></span> <span class='ocrx_word' id='word_1_108' title='bbox 585 2333 674 2420; x_wconf 83' lang='lat' dir='ltr'><strong>signe</strong></span> <span class='ocrx_word' id='word_1_109' title='bbox 692 2330 864 2398; x_wconf 75' lang='lat' dir='ltr'><strong>statuendi.</strong></span> <span class='ocrx_word' id='word_1_110' title='bbox 884 2329 974 2396; x_wconf 70' lang='lat' dir='ltr'><strong>leid.</strong></span> <span class='ocrx_word' id='word_1_111' title='bbox 998 2353 1050 2396; x_wconf 89' lang='grc' dir='ltr'><strong>2ο.</strong></span> 
     </span>
     <span class='ocr_line' id='line_1_18' title="bbox 131 2433 1051 2528; baseline 0.001 -26"><span class='ocrx_word' id='word_1_112' title='bbox 131 2433 454 2525; x_wconf 79' lang='lat' dir='ltr'><strong>horumperquisitio</strong></span> <span class='ocrx_word' id='word_1_113' title='bbox 467 2453 500 2506; x_wconf 81' lang='lat' dir='ltr'><strong>et</strong></span> <span class='ocrx_word' id='word_1_114' title='bbox 515 2464 659 2508; x_wconf 81' lang='lat' dir='ltr'><strong>examen.</strong></span> <span class='ocrx_word' id='word_1_115' title='bbox 676 2439 695 2506; x_wconf 92' lang='lat' dir='ltr'>I</span> <span class='ocrx_word' id='word_1_116' title='bbox 700 2439 768 2506; x_wconf 82' lang='lat' dir='ltr'><strong>bid.</strong></span> <span class='ocrx_word' id='word_1_117' title='bbox 790 2463 829 2504; x_wconf 87' lang='grc'><strong>22</strong></span> <span class='ocrx_word' id='word_1_118' title='bbox 844 2452 876 2505; x_wconf 80' lang='lat' dir='ltr'><strong>el</strong></span> <span class='ocrx_word' id='word_1_119' title='bbox 893 2462 981 2528; x_wconf 89' lang='lat' dir='ltr'><strong>seqq.</strong></span> <span class='ocrx_word' id='word_1_120' title='bbox 998 2440 1051 2526; x_wconf 80' lang='lat'><strong>59.</strong></span> 
     </span>
     <span class='ocr_line' id='line_1_19' title="bbox 126 2528 1051 2636; baseline 0.001 -24"><span class='ocrx_word' id='word_1_121' title='bbox 126 2528 129 2541; x_wconf 91' lang='lat'>&#39;</span> <span class='ocrx_word' id='word_1_122' title='bbox 181 2559 317 2636; x_wconf 83' lang='lat' dir='ltr'><strong>etseqq.</strong></span> <span class='ocrx_word' id='word_1_123' title='bbox 334 2547 448 2625; x_wconf 84' lang='lat' dir='ltr'>xvn,</span> <span class='ocrx_word' id='word_1_124' title='bbox 467 2551 519 2616; x_wconf 78' lang='lat'><strong>28.</strong></span> <span class='ocrx_word' id='word_1_125' title='bbox 538 2549 721 2624; x_wconf 82' lang='lat' dir='ltr'>xxxvn,</span> <span class='ocrx_word' id='word_1_126' title='bbox 743 2573 798 2625; x_wconf 71' lang='grc' dir='ltr'><strong>ιι,</strong></span> <span class='ocrx_word' id='word_1_127' title='bbox 816 2551 865 2629; x_wconf 87' lang='lat'><strong>14.</strong></span> <span class='ocrx_word' id='word_1_128' title='bbox 886 2547 988 2624; x_wconf 75' lang='lat' dir='ltr'><strong>mv,</strong></span> <span class='ocrx_word' id='word_1_129' title='bbox 1002 2571 1051 2613; x_wconf 89' lang='lat'><strong>10.</strong></span> 
     </span>
     <span class='ocr_line' id='line_1_20' title="bbox 132 2658 1055 2750; baseline 0 -29"><span class='ocrx_word' id='word_1_130' title='bbox 132 2669 294 2746; x_wconf 85' lang='lat' dir='ltr'><strong>quatenus</strong></span> <span class='ocrx_word' id='word_1_131' title='bbox 312 2659 416 2746; x_wconf 85' lang='lat' dir='ltr'><strong>possit</strong></span> <span class='ocrx_word' id='word_1_132' title='bbox 433 2681 550 2748; x_wconf 80' lang='lat' dir='ltr'><strong>parvos</strong></span> <span class='ocrx_word' id='word_1_133' title='bbox 566 2711 575 2738; x_wconf 97' lang='lat'>,</span> <span class='ocrx_word' id='word_1_134' title='bbox 600 2659 789 2749; x_wconf 86' lang='lat' dir='ltr'><strong>debilesque</strong></span> <span class='ocrx_word' id='word_1_135' title='bbox 804 2661 915 2750; x_wconf 82' lang='lat' dir='ltr'><strong>pulsus</strong></span> <span class='ocrx_word' id='word_1_136' title='bbox 929 2658 1055 2734; x_wconf 83' lang='lat' dir='ltr'><strong>Iacere,</strong></span> 
     </span>
     <span class='ocr_line' id='line_1_21' title="bbox 178 2765 499 2846; baseline -0.003 -10"><span class='ocrx_word' id='word_1_137' title='bbox 178 2765 318 2842; x_wconf 85' lang='lat' dir='ltr'>XXIV,</span> <span class='ocrx_word' id='word_1_138' title='bbox 352 2769 416 2846; x_wconf 85' lang='lat'><strong>14,</strong></span> <span class='ocrx_word' id='word_1_139' title='bbox 447 2771 499 2835; x_wconf 86' lang='lat'><strong>15.</strong></span> 
     </span>
     <span class='ocr_line' id='line_1_22' title="bbox 130 2875 697 2961; baseline 0.005 -22"><span class='ocrx_word' id='word_1_140' title='bbox 130 2885 162 2939; x_wconf 82' lang='lat' dir='ltr'><strong>et</strong></span> <span class='ocrx_word' id='word_1_141' title='bbox 181 2887 342 2961; x_wconf 80' lang='lat' dir='ltr'><strong>quatenus</strong></span> <span class='ocrx_word' id='word_1_142' title='bbox 356 2877 490 2953; x_wconf 80' lang='lat' dir='ltr'>tussim,</span> <span class='ocrx_word' id='word_1_143' title='bbox 510 2875 617 2954; x_wconf 91' lang='lat' dir='ltr'>XVI,</span> <span class='ocrx_word' id='word_1_144' title='bbox 641 2879 697 2956; x_wconf 83' lang='lat'><strong>45.</strong></span> 
     </span>
     <span class='ocr_line' id='line_1_23' title="bbox 129 2983 918 3072; baseline 0.001 -21"><span class='ocrx_word' id='word_1_145' title='bbox 129 3005 198 3052; x_wconf 85' lang='lat' dir='ltr'><strong>non</strong></span> <span class='ocrx_word' id='word_1_146' title='bbox 213 3007 339 3072; x_wconf 86' lang='lat' dir='ltr'><strong>semper</strong></span> <span class='ocrx_word' id='word_1_147' title='bbox 360 2983 397 3050; x_wconf 80' lang='lat' dir='ltr'><strong>fil</strong></span> <span class='ocrx_word' id='word_1_148' title='bbox 418 2985 546 3056; x_wconf 78' lang='lat' dir='ltr'><strong>sensIm.</strong></span> <span class='ocrx_word' id='word_1_149' title='bbox 567 2985 658 3052; x_wconf 71' lang='lat' dir='ltr'><strong>Ilm.</strong></span> <span class='ocrx_word' id='word_1_150' title='bbox 674 3035 684 3064; x_wconf 88' lang='lat'>,</span> <span class='ocrx_word' id='word_1_151' title='bbox 703 2989 765 3067; x_wconf 86' lang='lat'><strong>41,</strong></span> <span class='ocrx_word' id='word_1_152' title='bbox 785 2987 840 3064; x_wconf 92' lang='grc'><strong>42.</strong></span> <span class='ocrx_word' id='word_1_153' title='bbox 911 3017 918 3032; x_wconf 82' lang='lat'><strong>·</strong></span> 
     </span>
     <span class='ocr_line' id='line_1_24' title="bbox 130 3093 851 3180; baseline 0.003 -24"><span class='ocrx_word' id='word_1_154' title='bbox 130 3093 201 3180; x_wconf 88' lang='lat' dir='ltr'><strong>ejus</strong></span> <span class='ocrx_word' id='word_1_155' title='bbox 214 3115 328 3160; x_wconf 82' lang='lat' dir='ltr'><strong>causae.</strong></span> <span class='ocrx_word' id='word_1_156' title='bbox 347 3093 438 3160; x_wconf 70' lang='lat' dir='ltr'><strong>leid.</strong></span> <span class='ocrx_word' id='word_1_157' title='bbox 456 3098 510 3176; x_wconf 87' lang='lat'><strong>44.</strong></span> <span class='ocrx_word' id='word_1_158' title='bbox 532 3095 649 3173; x_wconf 90' lang='lat' dir='ltr'>XXV,</span> <span class='ocrx_word' id='word_1_159' title='bbox 676 3097 712 3165; x_wconf 76' lang='lat'><strong>15</strong></span> <span class='ocrx_word' id='word_1_160' title='bbox 738 3109 851 3180; x_wconf 85' lang='lat' dir='ltr'><strong>etseq.</strong></span> 
     </span>
     <span class='ocr_line' id='line_1_25' title="bbox 129 3200 742 3288; baseline 0.007 -23"><span class='ocrx_word' id='word_1_161' title='bbox 129 3200 202 3288; x_wconf 80' lang='lat' dir='ltr'><strong>ejus</strong></span> <span class='ocrx_word' id='word_1_162' title='bbox 223 3224 312 3288; x_wconf 79' lang='lat' dir='ltr'><strong>aquae</strong></span> <span class='ocrx_word' id='word_1_163' title='bbox 328 3203 528 3280; x_wconf 77' lang='lat' dir='ltr'><strong>varietates,</strong></span> <span class='ocrx_word' id='word_1_164' title='bbox 551 3205 659 3282; x_wconf 89' lang='lat' dir='ltr'>XVI,</span> <span class='ocrx_word' id='word_1_165' title='bbox 687 3207 742 3284; x_wconf 89' lang='lat'><strong>44.</strong></span> 
     </span>
     <span class='ocr_line' id='line_1_26' title="bbox 50 3293 1048 3402; baseline 0.01 -34"><span class='ocrx_word' id='word_1_166' title='bbox 50 3301 226 3374; x_wconf 85' lang='lat' dir='ltr'><strong>Perieardio</strong></span> <span class='ocrx_word' id='word_1_167' title='bbox 244 3311 346 3376; x_wconf 79' lang='lat' dir='ltr'><strong>innati</strong></span> <span class='ocrx_word' id='word_1_168' title='bbox 370 3293 513 3377; x_wconf 85' lang='lat' dir='ltr'><strong>tumores</strong></span> <span class='ocrx_word' id='word_1_169' title='bbox 531 3335 589 3378; x_wconf 90' lang='lat' dir='ltr'><strong>cur</strong></span> <span class='ocrx_word' id='word_1_170' title='bbox 606 3313 684 3380; x_wconf 75' lang='lat' dir='ltr'><strong>eliae</strong></span> <span class='ocrx_word' id='word_1_171' title='bbox 697 3337 773 3380; x_wconf 87' lang='lat' dir='ltr'><strong>cum</strong></span> <span class='ocrx_word' id='word_1_172' title='bbox 791 3311 859 3380; x_wconf 86' lang='lat' dir='ltr'><strong>aliis</strong></span> <span class='ocrx_word' id='word_1_173' title='bbox 873 3312 971 3402; x_wconf 73' lang='lat' dir='ltr'><strong>elgnls</strong></span> <span class='ocrx_word' id='word_1_174' title='bbox 990 3312 1048 3377; x_wconf 81' lang='lat' dir='ltr'><strong>eh-</strong></span> 
     </span>
     <span class='ocr_line' id='line_1_27' title="bbox 88 3417 572 3497; baseline 0.008 -17"><span class='ocrx_word' id='word_1_175' title='bbox 88 3417 227 3494; x_wconf 71' lang='lat' dir='ltr'><strong>servati,</strong></span> <span class='ocrx_word' id='word_1_176' title='bbox 254 3417 397 3497; x_wconf 88' lang='lat' dir='ltr'>XXIII,</span> <span class='ocrx_word' id='word_1_177' title='bbox 419 3421 472 3486; x_wconf 80' lang='grc'><strong>25.</strong></span> <span class='ocrx_word' id='word_1_178' title='bbox 570 3431 572 3438; x_wconf 81' lang='grc'><em>’</em></span> 
     </span>
     <span class='ocr_line' id='line_1_28' title="bbox 49 3518 1050 3619; baseline 0.01 -35"><span class='ocrx_word' id='word_1_179' title='bbox 49 3518 275 3592; x_wconf 85' lang='lat' dir='ltr'><strong>Perieardium.</strong></span> <span class='ocrx_word' id='word_1_180' title='bbox 302 3529 390 3594; x_wconf 84' lang='lat' dir='ltr'><strong>Intra</strong></span> <span class='ocrx_word' id='word_1_181' title='bbox 408 3529 471 3596; x_wconf 85' lang='lat' dir='ltr'><strong>hoc</strong></span> <span class='ocrx_word' id='word_1_182' title='bbox 501 3527 637 3596; x_wconf 81' lang='lat' dir='ltr'><strong>effusum</strong></span> <span class='ocrx_word' id='word_1_183' title='bbox 661 3532 851 3619; x_wconf 80' lang='lat' dir='ltr'><strong>sengulnem</strong></span> <span class='ocrx_word' id='word_1_184' title='bbox 878 3531 933 3618; x_wconf 89' lang='lat' dir='ltr'><strong>qui</strong></span> <span class='ocrx_word' id='word_1_185' title='bbox 957 3541 1050 3596; x_wconf 83' lang='lat' dir='ltr'><strong>antea</strong></span> 
     </span>
     <span class='ocr_line' id='line_1_29' title="bbox 86 3637 913 3714; baseline 0.002 -13"><span class='ocrx_word' id='word_1_186' title='bbox 86 3637 358 3714; x_wconf 75' lang='lat' dir='ltr'><strong>memoraverim,</strong></span> <span class='ocrx_word' id='word_1_187' title='bbox 378 3637 516 3714; x_wconf 87' lang='lat' dir='ltr'>XXVI,</span> <span class='ocrx_word' id='word_1_188' title='bbox 537 3640 599 3714; x_wconf 80' lang='grc'><strong>26,</strong></span> <span class='ocrx_word' id='word_1_189' title='bbox 629 3642 680 3704; x_wconf 83' lang='grc'><strong>28.</strong></span> <span class='ocrx_word' id='word_1_190' title='bbox 705 3639 861 3713; x_wconf 90' lang='lat' dir='ltr'>XXVII,</span> <span class='ocrx_word' id='word_1_191' title='bbox 886 3662 913 3703; x_wconf 83' lang='grc' dir='ltr'><strong>ι.</strong></span> 
     </span>
     <span class='ocr_line' id='line_1_30' title="bbox 131 3733 1046 3836; baseline 0.001 -27"><span class='ocrx_word' id='word_1_192' title='bbox 131 3757 209 3832; x_wconf 88' lang='lat' dir='ltr'><strong>quot</strong></span> <span class='ocrx_word' id='word_1_193' title='bbox 225 3769 264 3810; x_wconf 89' lang='lat' dir='ltr'><strong>ex</strong></span> <span class='ocrx_word' id='word_1_194' title='bbox 285 3748 433 3834; x_wconf 85' lang='lat' dir='ltr'><strong>partibus</strong></span> <span class='ocrx_word' id='word_1_195' title='bbox 451 3746 528 3814; x_wconf 87' lang='lat' dir='ltr'><strong>illuc</strong></span> <span class='ocrx_word' id='word_1_196' title='bbox 544 3748 645 3836; x_wconf 80' lang='lat' dir='ltr'><strong>possit</strong></span> <span class='ocrx_word' id='word_1_197' title='bbox 670 3748 819 3825; x_wconf 81' lang='lat' dir='ltr'><strong>effundI,</strong></span> <span class='ocrx_word' id='word_1_198' title='bbox 842 3733 974 3820; x_wconf 90' lang='lat' dir='ltr'>XXVI,</span> <span class='ocrx_word' id='word_1_199' title='bbox 994 3767 1046 3831; x_wconf 82' lang='grc'><strong>27.</strong></span> 
     </span>
     <span class='ocr_line' id='line_1_31' title="bbox 132 3853 1049 3944; baseline -0.001 -25"><span class='ocrx_word' id='word_1_200' title='bbox 132 3865 224 3920; x_wconf 81' lang='lat' dir='ltr'><strong>etex</strong></span> <span class='ocrx_word' id='word_1_201' title='bbox 246 3856 363 3942; x_wconf 89' lang='lat' dir='ltr'><strong>quibus</strong></span> <span class='ocrx_word' id='word_1_202' title='bbox 391 3856 552 3922; x_wconf 82' lang='lat' dir='ltr'><strong>faciliter:</strong></span> <span class='ocrx_word' id='word_1_203' title='bbox 582 3879 622 3922; x_wconf 89' lang='lat' dir='ltr'><strong>ex</strong></span> <span class='ocrx_word' id='word_1_204' title='bbox 645 3880 707 3942; x_wconf 83' lang='lat' dir='ltr'><strong>que</strong></span> <span class='ocrx_word' id='word_1_205' title='bbox 729 3871 863 3935; x_wconf 84' lang='lat' dir='ltr'><strong>eutem,</strong></span> <span class='ocrx_word' id='word_1_206' title='bbox 886 3853 1049 3944; x_wconf 83' lang='lat' dir='ltr'><strong>quomode</strong></span> 
     </span>
     <span class='ocr_line' id='line_1_32' title="bbox 182 3963 726 4052; baseline 0 -22"><span class='ocrx_word' id='word_1_207' title='bbox 182 3963 420 4052; x_wconf 89' lang='lat' dir='ltr'><strong>inquirendum.</strong></span> <span class='ocrx_word' id='word_1_208' title='bbox 442 3963 561 4040; x_wconf 61' lang='lat' dir='ltr'>Ibin,</span> <span class='ocrx_word' id='word_1_209' title='bbox 586 3966 648 4041; x_wconf 84' lang='grc'><strong>26,</strong></span> <span class='ocrx_word' id='word_1_210' title='bbox 674 3988 726 4052; x_wconf 82' lang='grc'><strong>27.</strong></span> 
     </span>
    </p>
   </div>
   <div class='ocr_carea' id='block_1_3' title="bbox 0 0 1418 4678">
    <p class='ocr_par' dir='ltr' id='par_1_3' title="bbox 0 0 1418 4678">
     <span class='ocr_line' id='line_1_33' title="bbox 0 0 1418 4678; baseline 0 2"><span class='ocrx_word' id='word_1_211' title='bbox 0 0 1418 4678; x_wconf 95' lang='lat' dir='ltr'><strong> </strong></span> 
     </span>
    </p>
   </div>
  </div>
 </body>
</html>
