2850 4676
813 375 815 384 .
997 343 1011 386 a

355 423 867 472 nrrooorrorrarrrur.
964 495 969 502 ἱ
1050 401 1112 490 169
1193 465 1195 472 .

219 603 221 607 ,
288 533 452 624 quomodo
475 535 558 600 intro
579 557 771 624 aneurysma
787 535 890 600 videri
912 533 1053 623 potuerit
1065 533 1111 599 io·

316 701 317 704 ,
335 642 461 710 elusum
471 667 507 709 os
514 645 602 733 quod
609 646 642 710 in
651 655 759 730 sterno
769 643 1043 720 deerat,XXVll,
1055 644 1107 722 24.

111 751 349 839 Aneurysmata
370 753 403 819 in
431 766 540 818 ventre
561 754 723 841 quomodo
747 778 817 822 esse
834 753 936 820 videri
955 752 1111 844 possint,

139 883 218 930 .nee
234 860 324 936 sint,
349 859 522 938 XXXIX,
555 884 621 948 19,
654 885 707 928 ao.

199 968 363 1056 quomodo
377 969 410 1036 in
430 971 564 1037 cerebro
576 972 639 1038 sint
654 969 872 1062 intelligenda,
883 971 1009 1049 lll‚8et
1021 991 1109 1063 seqq.

201 1093 280 1136 num
299 1071 382 1138 intra
409 1073 477 1162 ipsa
498 1095 569 1139 ossa
593 1075 804 1162 contingant,
822 1072 904 1150 LII,
933 1072 986 1160 59.

202 1201 261 1244 cur
288 1180 389 1245 adsita
412 1204 481 1246 ossa
512 1194 666 1246 exoavent
694 1181 883 1258 interdum,
914 1203 979 1246 non
1007 1191 1112 1270 parter

246 1287 436 1365 molliores,
457 1289 565 1366 XXI,
599 1293 653 1372 48.

116 1396 319 1486 Aneurysma
336 1448 346 1477 ,
366 1400 458 1488 eujus
484 1401 644 1500 parietum
670 1411 795 1490 partem
816 1400 954 1470 faciebat
975 1402 1111 1489 pulmo,

157 1508 260 1586 XXI,
287 1511 340 1599 47.

202 1619 323 1707 cujus,
339 1630 373 1684 et
389 1619 580 1726 ¹emplis‘simi
604 1619 735 1706 quidem
751 1671 761 1696 ,
784 1621 943 1710 parietum
964 1639 1113 1707 magnam

244 1739 370 1815 partem
393 1729 550 1795 vertebrae
567 1727 752 1805 faciehant,
778 1739 811 1796 et
825 1729 1002 1820 praesertim
1022 1750 1112 1793 mue·
1219 1767 1223 1776 ·

246 1837 310 1904 culi
333 1886 342 1914 ,
366 1835 447 1916 XL,
464 1838 525 1914 26,
548 1841 600 1928 ap.

200 1966 266 2012 uno
282 1946 316 2011 in
336 1945 468 2012 homine
491 1944 682 2034 multiplex,
708 1945 753 2025 L,
777 1971 809 2034 9.
911 2005 917 2014 .

201 2053 345 2143 duplex,
374 2054 505 2143 singulis
528 2055 732 2144 habentibus!
748 2055 897 2124 eamdem
919 2078 1049 2146 prorsus
1061 2077 1115 2122 se·

246 2162 320 2230 dem
337 2165 369 2230 in
391 2165 523 2253 singulis
541 2167 715 2243 manibus,
741 2166 813 2243 lll,
840 2169 874 2232 8.

109 2272 385 2362 Aneuryamatum
402 2275 585 2362 spuriorum
601 2275 708 2368 qualia
726 2277 830 2368 prima
847 2275 937 2350 initia
953 2274 1114 2340 invenian-

154 2395 233 2457 tur,
256 2381 395 2457 XXIV,
421 2384 475 2472 57.
540 2415 551 2438 v
755 2473 760 2479 ι

198 2491 276 2557 Haeo
291 2494 357 2557 sola
374 2492 464 2558 initia
486 2493 643 2560 maximas
661 2491 825 2563 interdum
842 2514 959 2570 noxas,
976 2504 1010 2558 et
1024 2512 1114 2556 mor·

247 2613 316 2665 tem
347 2599 496 2669 afferunt.
518 2601 611 2668 leid.
685 2677 689 2684 .

200 2707 287 2774 unde
302 2722 454 2778 noscatur
471 2761 480 2788 ,
499 2714 723 2800 aneurysmata
737 2735 807 2778 esse
826 2713 892 2801 jam
908 2711 1002 2777 saeta.
1019 2707 1114 2786 leta,

247 2817 281 2884 in
304 2809 401 2888 fine,
871 2884 880 2925 7

112 2926 344 3016 Aneurysmata
370 2929 467 2994 etiam
486 2940 617 2995 externa
637 2929 824 3017 quomodo,
850 2930 912 2998 etsi
943 2951 1010 3008 non
1030 2949 1116 2995 rum·

156 3039 302 3128 pantor,
324 3038 447 3126 possint
470 3037 646 3115 occidere,
671 3037 723 3115 L,
755 3062 806 3104 ra.

203 3147 237 3212 in
260 3143 381 3234 poplite
405 3159 540 3225 curata,
562 3146 613 3225 L,
635 3170 677 3235 9.,

204 3255 245 3322 ad
265 3253 419 3322 flexuram
439 3256 566 3334 cubiti,
586 3256 636 3335 L,
673 3283 717 3344 7,
749 3258 780 3322 8.

204 3386 315 3432 eorum
340 3365 465 3430 curatio
482 3390 542 3454 per
562 3365 692 3457 ligatam
716 3366 865 3432 arteriam
884 3387 981 3452 quam
1007 3365 1049 3432 sit
1064 3387 1118 3431 an-

206 3463 218 3476 *
271 3474 384 3562 tiqua,
410 3472 461 3549 L,
493 3477 548 3554 54.

206 3605 319 3648 eorum
338 3583 372 3649 in
390 3585 507 3648 arteria
524 3583 720 3652 intercertali
739 3584 923 3672 diagnosis,
947 3581 995 3660 L,
1016 3584 1070 3669 49.
1097 3587 1103 3598 ’

207 3688 247 3756 ad
265 3692 479 3782 inguen,L,
509 3714 543 3758 ιι
568 3704 686 3780 etseq.

206 3800 240 3866 in
263 3814 362 3869 aorta.
393 3801 424 3866 V
426 3803 473 3868 id.
502 3802 612 3869 Aorta.

99 3908 389 4000 *Aneurysmatum
408 3963 416 3988 ,
435 3907 438 3916 ’
455 3915 488 3980 in
527 3913 776 3980 dissectionibus
804 3910 855 3979 vel
883 3932 948 3978 noo
977 3907 1117 3996 antiquit
1214 3897 1216 3904 ¹

166 4017 255 4086 haud
273 4021 454 4110 agnitorum
470 4024 687 4114 suspioiones,
712 4020 792 4102 XL,
814 4044 867 4107 ²7·
893 4029 895 4036 ’
