2880 4674
439 419 817 470 511151151115511.
904 421 906 426 '

172 529 174 536 ⁴
214 527 325 621 ingens
350 531 457 597 acibi
473 531 680 619 sumptione,
706 531 826 609 XVII,
856 552 907 600 to.

215 663 231 704 5
251 639 386 706 sinistris
404 641 608 728 praesertim,
639 639 803 717 LXVIII,
833 663 882 706 rs.

122 745 255 818 Ventris
267 761 377 814 tumor
392 749 426 814 in
449 747 622 838 eplgsstrio
648 747 773 826 dorus,
796 747 942 846 XXXVI
961 799 969 827 ,
987 751 1039 817 55.

219 858 306 924 inter
324 868 468 922 eternum
482 868 515 922 et
529 855 721 922 umbilicum
735 857 898 946 inaequelis
910 909 919 936 ,
933 858 1129 937 XXXVIII,

263 965 316 1031 52.

306 1083 339 1138 et
363 1073 514 1150 mobilis,
541 1072 722 1152 XXXIX,
751 1097 803 1140 nr.

184 1169 189 1174 ’
217 1203 313 1270 supra
331 1181 524 1248 umbilicum
544 1205 561 1246 a
579 1179 701 1250 dextris
719 1233 728 1261 ,
748 1169 893 1250 XLVIII
914 1233 923 1262 ,
949 1186 1002 1252 55.

114 1332 120 1337 -
220 1291 270 1368 ad,
284 1291 435 1356 umbilici
449 1289 532 1356 latus
549 1291 738 1380 inaequslis,
764 1291 968 1372 XXXVIII,
988 1297 1042 1362 51.
1081 1327 1084 1338 ’

219 1401 253 1466 in
279 1399 411 1490 regione
431 1399 632 1477 umbilicnli,
656 1399 833 1479 XXXIX,
859 1403 889 1467 5.

221 1509 262 1574 ad
280 1508 470 1576 umbilicum
487 1559 495 1586 ,
515 1521 549 1576 et
565 1509 647 1575 iul'ra
664 1489 869 1587 ,dexte'rius,
887 1511 1005 1595 XXIX
1022 1563 1032 1592 ,
1060 1515 1110 1593 14.
1127 1535 1130 1538 ·

221 1619 262 1685 55
280 1619 405 1685 iliacam
423 1619 613 1708 regionem,
640 1618 789 1688 XXXIV
809 1670 818 1697 ,
853 1621 905 1686 55.

222 1727 256 1794 in
272 1726 504 1816 hypogastrio,
533 1723 705 1805 XXXIX,
731 1729 793 1806 55,
818 1731 872 1815 57.

222 1835 346 1913 durus,
370 1835 547 1913 XXXIX,
579 1857 632 1924 29.

156 1985 157 1988 =
222 1943 374 2020 mobilis,
399 1945 575 2020 XXXIX,
606 1967 655 2009 rr.

226 2077 266 2118 ex
288 2051 400 2120 mobili
425 2053 598 2119 immobilis
617 2053 743 2129 sactus,
765 2051 857 2120 Ibid.

225 2175 421 2252 suppuratus
438 2213 447 2240 ,
467 2187 527 2252 pus
550 2176 583 2229 et
598 2163 724 2228 urinam
738 2162 927 2241 effundens,
949 2163 1064 2243 XLII,
1083 2189 1135 2232 ne.

136 2327 139 2337 .
225 2271 382 2338 instabilis
406 2272 670 2361 protuberantie,
694 2272 727 2338 in
748 2272 920 2362 epigastrio
939 2287 1046 2342 nutem
1062 2297 1136 2366 per-

187 2449 190 2456 ,
269 2394 365 2470 petua
384 2381 575 2470 depressio,
602 2381 778 2460 XXXIX,
807 2384 857 2463 14.

228 2489 269 2555 55
286 2492 417 2580 inguina
437 2539 446 2568 ,
471 2489 650 2568 XXXIX,
676 2493 732 2571 45.

135 2599 268 2667 Ventris
283 2613 391 2668 tumor
412 2600 458 2667 sic
472 2601 548 2667 satis
563 2599 720 2676 mobilis,
744 2599 863 2668 XXIX
882 2651 891 2677 ,
921 2602 971 2680 14.

229 2709 412 2798 inaequalis,
435 2723 468 2776 et
489 2712 591 2776 tactui
609 2709 752 2787 cedens,
776 2709 941 2787 XLVIII,
967 2711 1019 2776 55.

10 2813 11 2820 ¹
138 2817 267 2888 Ventris
286 2821 531 2886 intumescentia
548 2819 589 2884 55
606 2819 777 2886 ventriculi
799 2820 984 2909 regionem,
1003 2815 1092 2896 LIV,
1107 2817 1137 2884 5.

232 2929 352 3020 globuli
372 2931 503 3019 quidam
523 2928 682 3007 mobiles,
707 2929 846 3006 XXIX,
873 2931 904 2994 6.

139 3039 271 3109 Ventris
287 3039 447 3126 durities,
477 3037 578 3106 XXX
598 3087 607 3116 ,
638 3041 687 3118 14.

233 3149 266 3216 in
285 3151 375 3237 quasi
398 3161 465 3214 toto
486 3143 598 3213 dextro
612 3145 740 3230 latere,
765 3143 935 3223 XXXVI,
962 3168 992 3212 2.

235 3259 269 3326 in
284 3258 477 3348 epigastrio,
499 3255 600 3333 XVI,
628 3255 681 3321 nb.
702 3249 847 3332 XXIX,
871 3254 902 3319 6.

235 3369 323 3434 circa
344 3365 534 3432 umbilicum
551 3415 561 3442 ,
586 3364 690 3441 XXI,
707 3366 772 3450 49.

200 3505 202 3508 ·
223 3476 276 3542 ed
299 3477 428 3544 iliacam
441 3475 605 3564 regionem
622 3525 630 3550 ,
649 3473 820 3550 XXXIV,
848 3473 899 3538 55.

236 3585 277 3650 55
300 3586 384 3650 uteri
408 3585 594 3674 regionem,
615 3583 794 3660 XXXIX,
830 3604 880 3648 tn.

145 3691 276 3766 Ventris
301 3693 452 3769 dolores,
488 3691 658 3768 XXXIV,
687 3693 725 3767 5,
749 3715 790 3780 9,
821 3715 870 3756 11.
899 3687 1053 3766 XXXV,
1096 3691 1146 3756 18.

193 3802 398 3879 XXXVIII,
424 3803 477 3868 55.
507 3799 683 3876 XXXIX,
703 3823 749 3888 9,
774 3823 827 3867 11.
855 3799 997 3875 XLVII,
1019 3801 1068 3878 1-4.
1089 3799 1148 3876 LI,
1182 3893 1186 3904 ·

196 3935 248 3978 no.
276 3911 372 3988 LIV,
402 3913 562 3989 16,’55,
589 3911 769 3998 59,Ι.ΙΧ,
799 3911 848 3976 15.
916 3978 918 3981 ,
1090 3911 1095 3920 ’

239 4044 298 4110 per
317 4019 484 4089 intervalla
501 4020 705 4095 acerbiores,
730 4017 823 4087 XLII
843 4068 853 4096 ,
882 4016 931 4082 15.
