2850 4676
340 447 402 517 206
536 525 539 532 Ι
671 459 788 510 tnnax
816 463 1000 510 nonrnnn

426 591 549 644 carnae
569 574 808 639 substantiata
834 575 1017 640 tendineam
1036 573 1260 663 degenerantis
1278 571 1329 643 ob·

469 685 628 759 servatio,
656 681 770 760 XLV,
801 685 852 748 25.

512 791 600 882 qnod
612 791 767 857 damnum
778 791 847 856 haec
860 789 971 866 allerat
980 792 1206 882 degeneratio,
1220 795 1326 872 XLV,

446 956 448 967 .
556 903 608 967 26.

335 1013 448 1081 Cordis
468 1011 708 1101 palpitationem
726 1033 742 1073 a
758 1011 835 1075 vitio
850 1009 996 1086 cerebri,
1016 1019 1071 1076 aut
1091 1033 1263 1077 nervorum
1277 1013 1327 1100 qni

377 1123 453 1189 olim
476 1119 689 1193 dednxerint‚
716 1117 857 1194 XXIII,
882 1119 912 1183 5.
970 1187 973 1194 ,
1052 1190 1057 1202 .

237 1213 239 1220 Α
421 1231 462 1298 de
480 1229 592 1295 eadem
611 1229 648 1293 ab
667 1228 779 1292 eadem
801 1251 896 1292 eausa
913 1226 1078 1315 quaedam,
1102 1225 1193 1292 ltin.

418 1351 508 1404 ¹aorta
525 1361 613 1404 ossea
635 1337 716 1401 saeta
735 1359 800 1401 non
820 1359 947 1424 semper
967 1337 1065 1414 lacit,
1089 1337 1226 1412 XXIII,
1251 1360 1281 1423 9.

419 1471 479 1514 nee
493 1470 621 1535 semper
641 1435 773 1510 valniilae
788 1445 956 1534 ejusdem,
974 1445 1083 1512 aliaeve
1106 1446 1211 1512 cordis
1233 1469 1324 1512 osseae

463 1560 513 1622 vel
531 1556 646 1630 durae,
674 1554 811 1630 XXIII,
833 1579 873 1638 ro
892 1565 925 1620 et
945 1579 1033 1644 seqq.

418 1665 547 1756 quando
563 1667 648 1730 illam
665 1663 815 1746 faciunt„
836 1665 998 1752 quomodo
1016 1664 1122 1730 Iacere
1138 1664 1319 1740 videantur,

461 1775 604 1851 XXIII,
632 1795 671 1858 9,
702 1796 750 1837 ra.

414 1907 491 1950 num
513 1906 642 1970 semper
665 1881 762 1946 saciat
784 1881 1001 1968 pericardium
1026 1882 1116 1948 cordi
1141 1883 1313 1958 adnatnm,

458 1991 600 2067 XXIII,
627 2016 665 2078 17
689 2004 722 2056 et
742 2013 829 2078 seqq.

412 2114 445 2167 et
467 2123 524 2166 cur
545 2100 678 2165 sortasse
699 2100 732 2164 in
752 2101 820 2166 aliis
840 2099 961 2176 faeiat,
980 2101 1013 2166 in
1026 2100 1094 2166 aliis
1115 2123 1180 2166 non
1204 2101 1313 2176 saciat,

456 2209 593 2284 XXIII,
616 2211 668 2273 25.

319 2381 323 2388 .
408 2277 570 2408 quomodo
589 2317 675 2384 illam
699 2318 818 2384 faciant
834 2317 985 2384 aurienlae
1011 2319 1118 2385 cordis
1139 2315 1312 2408 amplifica-

454 2445 522 2506 tae,
546 2430 685 2505 XXIII,
710 2454 739 2516 9.
1058 2501 1062 2512 ,

406 2539 501 2605 ssatus
515 2553 672 2626 qnatenus
689 2539 811 2628 possint
831 2540 957 2617 facere,
986 2543 1130 2622 XXIII,
1155 2550 1204 2615 16.

318 2649 431 2716 Gordis
447 2645 611 2714 convulsio
628 2649 703 2713 olim
714 2661 809 2726 nota,
825 2649 1098 2722 aReeentioribus
1107 2659 1309 2738 confirmata,

360 2757 479 2834 XXV,
506 2759 566 2848 15.
584 2757 719 2835 XXVI,
747 2783 802 2834 12,
823 2761 876 2825 52.

402 2869 582 2956 paralysis,
606 2867 721 2944 XXV,
746 2871 795 2934 15.

491 2976 575 3042 hanc
594 3027 603 3052 ,
628 2977 713 3044 unde
728 3001 814 3042 mors
832 2977 958 3056 subita,
984 2981 1039 3068 qui
1058 2985 1135 3050 olim
1154 2987 1305 3053 indicave-

534 3086 625 3160 rInt,
650 3085 786 3160 XXVI,
812 3089 864 3153 58.
1004 3093 1006 3098 ’

488 3193 649 3280 quomodo
666 3193 741 3258 inde
762 3195 831 3261 haec
849 3199 943 3284 sequi
958 3200 1068 3286 possit.
1088 3202 1180 3268 laid.

303 3301 425 3370 ‹Gordis
443 3301 481 3366 ab
504 3327 577 3367 aere
601 3302 752 3368 distentio
777 3306 905 3392 qnando
920 3295 1005 3384 liat,
1029 3309 1149 3390 XXV,
1177 3317 1227 3379 15.

397 3424 489 3478 aucta
514 3411 703 3500 magnitudo
724 3414 853 3500 quando
869 3439 983 3504 parvos
1009 3431 1042 3483 et
1054 3418 1177 3487 debiles
1197 3425 1297 3512 pulsus

441 3520 556 3596 faeiat,
580 3519 718 3596 XXIV,
747 3523 796 3587 15.

394 3620 594 3696 dilatationes
616 3631 672 3717 qui
688 3631 782 3716 primi
799 3631 962 3712 viderint,
985 3635 1080 3703 XVII
1096 3689 1104 3713 ,
1131 3662 1160 3704 a.

483 3739 536 3826 qni
559 3734 653 3826 primi
671 3738 728 3802 has
745 3757 969 3830 aneurysmata
987 3746 1093 3812 cordis
1116 3752 1296 3816 nominave-

525 3846 616 3922 rint,
642 3846 762 3922 XVII,
784 3851 814 3913 5.

481 3954 521 4018 ab
540 3954 589 4018 his
609 3955 750 4044 spirandi
774 3955 945 4028 difficultas
964 3931 1124 4041 offertur,
1157 3979 1188 4032 et
1212 3991 1291 4040 cur,

524 4059 677 4152 XXVII,
704 4064 753 4128 15.
