2850 4676
358 433 405 476 nr
436 421 580 475 uusuu'
605 428 863 476 narremur.
1049 431 1112 496 ²29

103 537 297 612 Goekelius,
319 512 504 628 Christo'ph.
518 536 599 603 Lud.
613 537 690 604 olim
704 539 874 612 sullaesar.
888 537 989 604 dead.
1008 537 1047 604 N.
1069 537 1107 604 C.

112 667 114 672 ’
148 645 317 720 laudatus,
337 646 470 723 XXVI,
499 669 537 710 ar
558 697 566 722 ,
593 659 625 712 et
645 647 736 711 Praes.
754 647 794 712 ad
807 633 893 714 libi..
916 672 942 712 1.

104 753 281 829 Goetzius,
300 753 351 819 Io.
371 755 557 843 Christuph.
575 753 652 820 elim
668 779 707 822 ex
726 756 796 822 ead.
822 755 921 822 dead.
942 754 1108 831 laudatus,

148 862 349 940 XXXVIII,
381 864 433 928 55.
460 863 576 940 XLII,
611 887 659 950 19.

104 969 308 1037 Gonorrhoea
327 971 475 1062 legitima
498 967 609 1050 dieta,
636 997 714 1040 num
730 998 856 1064 semper
877 975 937 1050 sit,
965 976 1031 1039 veri
1047 996 1102 1038 se-

147 1081 242 1146 minis
262 1079 367 1146 lluxus
380 1095 393 1158 ‚'
415 1081 540 1157 XLIV',
566 1084 615 1148 16.

193 1187 351 1255 virulenta
362 1187 491 1277 quando
503 1191 543 1255 sit
553 1193 618 1256 veri
628 1192 757 1256 seminis
769 1191 873 1257 Iquus
885 1242 894 1266 ,
909 1191 1014 1261 XLIV
1026 1243 1034 1268 ,
1054 1216 1103 1280 ¹7·

102 1296 312 1363 Gonorrhueae
336 1297 502 1364 virulentae
531 1324 615 1388 saepe
638 1300 782 1367 laesioues
814 1301 846 1366 in
878 1299 1010 1366 urelhra
1037 1313 1106 1368 tota
1141 1280 1143 1290 .

145 1407 344 1495 respondent
369 1405 503 1474 leviores
525 1433 622 1497 quam
644 1409 842 1484 ereduntur,
869 1407 994 1486 XLIV,
1013 1434 1025 1474 1
1044 1413 1100 1485 ,8.

189 1517 259 1605 ejus
274 1517 379 1604 prImo
398 1529 545 1606 tempure
559 1518 638 1605 quid
657 1520 776 1584 effluat.
805 1518 826 1582 I
829 1517 896 1584 bid.
920 1541 949 1582 2.

82 1673 84 1682 .
187 1626 292 1712 prima
308 1627 377 1713 ejus
393 1625 483 1692 sedes
508 1628 541 1691 in
558 1628 735 1715 majoribus
761 1613 899 1694 urelhrae
919 1625 1104 1696 canaliculis
1218 1705 1219 1708 Ἴ

233 1758 252 1798 a
277 1735 396 1822 quihus
412 1736 453 1800 sit
469 1737 614 1824 Probata.
640 1735 729 1806 [bid.

277 1845 440 1931 quomedo
457 1846 679 1924 confirmetur,
705 1846 796 1912 lbiu.
826 1871 866 1934 9,
897 1869 945 1914 10.

188 1953 316 2018 alterius
343 1953 427 2020 sedis
444 1955 476 2020 in
497 1953 642 2044 Cowperi
667 1955 824 2045 glandulis
846 1955 989 2044 vestigia.
1005 1952 1096 2018 [bid.

188 2134 191 2140 ,
239 2085 273 2126 11
303 2074 336 2126 el
358 2085 446 2150 seqq.

140 2221 143 2228 .
189 2172 291 2238 tertiae
308 2170 391 2236 sedis
408 2173 441 2236 in
458 2169 562 2256 Littr'ii
576 2171 736 2260 glandula.
754 2172 775 2238 I
779 2173 845 2236 bid.
868 2175 907 2251 14
930 2181 962 2237 et
978 2196 1066 2260 seqq.

187 2287 299 2364 quarta
321 2273 413 2340 sedes
437 2275 469 2340 iu
493 2287 657 2362 prostrata,
681 2289 714 2342 el
735 2278 907 2342 caruncula
932 2299 991 2340 cur
1024 2275 1100 2340 oIIm

231 2385 446 2466 communiter
465 2384 661 2450 crederetur.
680 2385 701 2450 I
704 2385 772 2450 did.
801 2386 850 2450 16.
1046 2357 1056 2380 i

275 2494 405 2580 quando
418 2493 450 2558 id
462 2487 703 2582 perperamuut
718 2506 810 2560 recte
827 2492 988 2560 credatur.
1004 2491 1024 2556 I
1027 2490 1094 2556 bid.

188 2603 194 2620 '
323 2627 360 2689 17
381 2614 413 2668 et
433 2626 521 2691 seqq.

183 2711 296 2798 quinta
320 2705 418 2777 sedes¹
440 2711 472 2776 in
502 2711 650 2777 vesiculis
674 2713 880 2779 seminalibus
904 2693 1033 2798 quando
1050 2709 1100 2775 Ia-

231 2819 321 2886 cilius
345 2820 410 2886 fiat.
434 2821 527 2908 Ibid.
553 2823 603 2886 25.

273 2929 369 2996 fallax
387 2929 551 3018 quoddam
571 2931 641 3018 ejus
657 2931 793 3018 signum.
818 2927 908 2994 Ibid.
945 3005 956 3015 ι

184 3051 272 3106 sexta
297 3039 388 3104 sedes
410 3041 441 3104 iu
464 3037 618 3104 testiculis
646 3039 856 3104 muliebribus
872 3026 1095 3124 'neutiquam
1193 3085 1197 3092 .

230 3148 263 3212 in
282 3149 427 3214 virilibus
445 3161 553 3218 autem
580 3149 728 3236 quando,
755 3161 793 3214 et·
808 3145 970 3234 quomodo
997 3145 1099 3234 possit

152 3265 156 3272 '
230 3257 365 3322 admitti.
392 3256 483 3325 Ibid.
514 3259 565 3322 26.

184 3351 264 3430 uum
284 3366 323 3429 ab
347 3365 475 3430 urelhra
491 3365 532 3431 ad
553 3389 644 3430 renes
661 3389 762 3453 usque
775 3364 973 3454 gonorrhoeae
987 3363 1096 3429 sedem

226 3475 386 3561 possImus
411 3475 594 3540 extendere.
615 3473 705 3539 Ibid.
739 3496 792 3559 27.
856 3541 858 3544 ,

88 3573 297 3650 ‘Gonorrhoea
329 3582 494 3654 virulenta.
524 3584 561 3648 Iu
592 3606 629 3648 ea
650 3583 766 3670 quibus
786 3579 938 3647 remediis
965 3578 1095 3667 dysuria

135 3689 282 3778 mitigata
303 3693 352 3756 sit.
380 3691 471 3757 laid.
494 3693 524 3756 8.
588 3733 591 3736 -

182 3797 300 3868 doloris
330 3823 434 3870 causae
457 3800 498 3870 ad
518 3799 694 3888 perinaeum
711 3797 835 3886 aliquae.
862 3793 951 3861 llud.
984 3795 1034 3870 ll·
