2962 4678
380 473 426 522 nr
451 479 579 525 ιιιιιι
604 479 891 556 ιιοιιιιιιιιιιιι.Ι
1069 473 1131 562 189

131 573 336 658 Brehmius,
372 583 422 650 Jo.
443 562 574 656 Martia
596 614 668 680 reg.
698 590 793 658 Suec.
818 593 934 660 medic.
950 597 1125 678 laudatus,

75 753 79 767 ¹
178 686 384 768 XXXVIII,
418 695 470 761 65.

131 794 321 866 Breudolius
341 799 454 868 Adam.
486 803 520 868 P.
543 803 627 870 Pros.
653 807 938 900 Wittembergens.
958 811 1126 937 laudatus,

179 903 611 989 XL11,18.XL111.15.

134 1009 290 1089 Brinius,
321 1016 374 1081 5ο.
401 1017 522 1084 Τ1ιοιιι.
546 1044 585 1088 ex
603 1022 718 1088 Caesar.
747 1023 785 1092 N.
809 1025 844 1091 C.
867 1028 1051 1097 Academia
1063 1037 1130 1101 qu-

179 1119 293 1197 datus,
318 1125 408 1201 XII,
445 1129 475 1194 5

130 1227 300 1317 Brogiani,
318 1233 532 1313 Dominicus,
560 1237 593 1302 P.
615 1235 698 1304 Pros.
720 1239 823 1306 Pisan.
840 1199 1011 1322 laudatus,
1011 1248 1126 1328 VIII,

178 1339 246 1413 5ι,
273 1341 325 1405 52.
347 1342 453 1418 LIX,
470 1345 522 1410 55.
545 1337 647 1421 LXI,
678 1370 739 1422 11,
766 1350 815 1412 ι5.

131 1444 336 1526 Bromsreld,
365 1451 452 1527 Guil.
476 1453 623 1543 Chirurg.
652 1453 789 1560 Londin.
814 1458 973 1578 laudatus.
999 1462 1127 1545 Praefat,

176 1555 217 1621 ad
240 1556 311 1622 libr.
342 1583 371 1624 2.

129 1662 285 1748 Brouchi
276 1667 339 1732 2122
365 1669 522 1756 glandulae
545 1695 584 1735 an
611 1671 823 1760 nigricantem
851 1698 985 1744 suerum
1005 1703 1130 1773 semper

174 1776 380 1868 contineant,
408 1777 528 1854 XXII,
560 1802 612 1846 2ι.

219 1907 260 1950 22
281 1885 344 1949 ab
336 1887 409 1974 ipsis
396 1888 496 1952 22121
517 1900 608 1976 sputa
625 1889 827 1976 nigricantia.
853 1890 944 1958 Ibid.
1020 1923 1023 1934 ·

218 2015 260 2058 an
277 2016 351 2060 eum
373 1996 536 2060 bronchiis
573 1999 824 2064 communicent.
856 1999 951 2067 Ibid:

219 2125 260 2166 an
280 2127 319 2167 ex
337 2105 374 2170 iis
392 2106 492 2170 auctis
518 2118 550 2170 et
569 2107 685 2172 vitiatis
700 2106 779 2172 fiant
799 2111 988 2196 pulmonum
1013 2117 1127 2184 tubar-

266 2211 348 2278 oula.
364 2213 455 2278 Ilio.

127 2315 330 2406 Bronohialis
351 2323 466 2389 arteria
484 2324 675 2390 Erasistrato
702 2337 734 2390 et
755 2324 876 2420 Galano
895 2332 1021 2418 cognita
1029 2359 1038 2407 ;
1059 2359 1125 2406 non

173 2454 282 2506 vena,
306 2432 410 2507 XXI,
437 2435 491 2511 42.

127 2540 290 2606 Bronehia
308 2564 381 2606 oum
399 2543 500 2628 sputis
528 2555 731 2632 expectorato
748 2544 927 2613 observavit
943 2550 1124 2641 Hippocra-

173 2660 240 2725 tes,
264 2650 390 2726 XXII,
419 2654 471 2716 25.

128 2738 366 2824 Brouchioruin
385 2763 586 2850 cartilagines
612 2766 662 2828 vel
686 2765 768 2829 intra
789 2761 982 2852 pulmones,
1000 2785 1033 2837 et
1050 2791 1124 2845 ante

173 2868 378 2972 grandiorem
401 2883 529 2938 aetarem
550 2891 783 2960 nonnunquam
805 2895 901 2937 osseae
910 2874 1019 2960 fiunt,
1039 2883 1120 2965 XV,

173 2977 232 3040 ud.

129 3083 352 3154 Brouchooele
373 3090 485 3178 saepius
514 3091 702 3157 mulieribus
729 3087 875 3164 accidit,
906 3113 1001 3178 quam
1024 3103 1097 3172 viris
1111 3095 1140 3187 ,'

179 3193 223 3260 L.
251 3197 306 3280 57.

221 3302 290 3390 ejus
310 3304 418 3370 sedem
438 3306 470 3370 in
494 3306 654 3396 thyroidae
676 3307 824 3396 glandula
844 3308 898 3394 qui
916 3322 1125 3406 negaverint,

268 3425 322 3477 aut
347 3415 539 3502 posuerint,
565 3416 614 3490 L,
646 3418 698 3482 5ο.

221 3520 252 3584 in
275 3520 336 3587 hac
357 3523 530 3610 glandula
521 3526 656 3591 inveniri
675 3531 765 3594 solet.
793 3533 813 3598 I
816 3535 848 3598 b
842 3535 883 3610 d
902 3558 934 3610 et
950 3568 1089 3632 seqq.

131 3625 299 3704 aBrunn,
322 3631 373 3696 Io.
397 3633 496 3697 Henr.
524 3634 693 3711 laudatus,
717 3639 824 3722 XIX,
849 3655 900 3718 25.
925 3653 1055 3726 XXIV,
1072 3657 1123 3722 55.

131 3738 284 3805 Bubones
317 3741 454 3809 venerei.
493 3742 543 3808 Ad
569 3767 681 3812 eorum
706 3754 952 3835 productionem
974 3764 1132 3850 explican-

177 3847 253 3914 dam
269 3850 324 3936 qui
348 3850 424 3916 olim
445 3851 679 3938 praeluxerint,
706 3857 831 3942 LVIII,
866 3872 914 3968 14.

131 3957 352 4033 Buchnerus,
373 3959 473 4027 Andr.
507 3961 616 4035 Elias,
641 3963 759 4036 Praeses
789 3975 868 4044 Caes.
901 3977 1000 4044 Aoad.
1028 3979 1065 4046 N
1088 3983 1124 4051 C.

175 4065 343 4146 laudatus,
364 4068 463 4147 XVI,
486 4093 535 4140 ιι.
561 4071 684 4149 XXII,
713 4081 763 4145 15.
