2850 4676
325 385 385 486 172
648 391 769 468 rnns‘x
804 419 986 468 uourrurr

405 528 523 594 horum
535 529 699 618 signorum
713 529 867 618 pleraque
876 528 1042 596 interdum
1057 527 1174 594 morbo
1186 527 1332 594 omnine

453 637 541 714 alio,
563 637 683 720 XLII,
708 640 759 718 14.

407 744 536 811 illorum
560 745 696 812 effectus
718 745 849 833 quidum
863 768 939 811 ‘non
967 757 1124 833 perpetuo
1149 755 1333 832 praesentes

453 853 615 940 quomodo
627 852 789 942 decipiant
801 852 945 920 medicos
959 903 969 929 ‚
984 865 1208 940 aneurysmstu
1223 873 1334 940 prop·

372 949 374 958 ¹
454 974 540 1029 terea
555 975 632 1028 tune
645 985 715 1028 esse
725 975 879 1052 negantes
892 961 1026 1040 ,XVII‚
1041 963 1101 1039 26,
1121 985 1173 1048 27.
1190 959 1333 1037 XVIII,

458 1093 496 1158 ¹7
511 1083 543 1136 et
557 1095 644 1161 seqq.
665 1072 773 1148 XLV,
794 1073 845 1138 26.

322 1177 427 1246 Aortae
449 1191 673 1266 eneurysmata
697 1178 859 1266 quomodo
876 1179 1042 1274 interdum
1069 1179 1259 1246 decrescere
1285 1179 1333 1244 vi-

366 1287 434 1353 deri
451 1289 634 1376 potuerint,
659 1286 799 1364 XXVI,
822 1311 854 1374 9.

411 1397 573 1484 quomodo
587 1409 715 1462 artuum
735 1399 939 1487 superiorum
956 1396 1101 1475 dolores,
1120 1408 1335 1486 torporemre

453 1505 559 1572 faeere
575 1491 752 1584 dicentur,
774 1501 915 1582 XXVI,
944 1509 995 1577 25.
1319 1503 1322 1508 ’

411 1616 453 1680 Ut
469 1618 501 1680 in
523 1617 682 1698 externis,
705 1617 748 1682 ita
767 1619 799 1682 in
815 1615 865 1682 his
882 1618 1018 1682 internis
1033 1615 1145 1684 deesse
1160 1615 1331 1682 Interdum

453 1737 560 1812 potest
586 1727 742 1814 pulsatio,
760 1739 792 1792 et
810 1749 888 1802 cur,
908 1726 1045 1802 XVIII,
1074 1749 1126 1791 2ο.

410 1833 508 1932 quiin
525 1833 607 1912 illis,
625 1837 728 1925 etqui
744 1834 861 1902 deinde
878 1836 912 1904 in
929 1833 980 1902 his
993 1825 1027 1900 id
1047 1835 1144 1926 primi
1158 1833 1330 1900 adnotare

455 1943 530 2008 rint.
555 1943 576 2008 I
579 1943 646 2008 bid.

323 2051 428 2130 Aortae
444 2066 668 2141 sneurysmata
691 2075 750 2118 cur
765 2054 880 2142 saepius
895 2051 975 2119 fiant
990 2054 1025 2120 in
1041 2051 1125 2120 iliius
1149 2075 1254 2129 areu,
1274 2063 1328 2116 aut
1383 2058 1389 2066 “

368 2161 452 2228 inter
467 2162 555 2228 hunc
571 2212 581 2240 ‚
599 2175 632 2229 et
648 2187 725 2240 cor,
749 2187 846 2252 quam
866 2162 967 2242 aiibi,
991 2164 1096 2230 autin
1120 2163 1240 2228 arteria
1255 2162 1329 2250 pul-

353 2273 516 2348 monari,
544 2270 681 2350 XVIII,
713 2275 764 2352 24.

322 2417 325 2426 ·
416 2381 579 2470 quomodo
588 2382 707 2472 attigua
718 2401 789 2448 ussa
799 2381 951 2460 erodant,
966 2377 1330 2459 absumantre,XVIII,

461 2513 513 2577 27.
933 2554 936 2560 .

414 2599 583 2666 erodentes
601 2600 727 2667 iehores
740 2624 805 2668 non
821 2601 918 2668 modo
936 2599 1094 2680 effectus,
1113 2599 1171 2666 sed
1188 2611 1222 2666 et
1235 2620 1329 2666 esum

456 2719 531 2774 sunt
548 2723 837 2799 aneurysmetum‚
862 2710 992 2786 XVIII,
1022 2711 1074 2776 26.

387 2839 389 2846 ’
415 2819 515 2884 caries
543 2819 661 2884 ossium
696 2844 775 2886 num
799 2820 965 2886 subtracto
990 2819 1113 2885 arteriae
1135 2817 1264 2894 fulcro,
1292 2817 1330 2882 sit

460 2951 555 2994 causa
587 2943 876 3018 aneurysmatum,
905 2941 939 2994 et
969 2928 1071 2994 effuso
1094 2950 1193 3006 susce
1212 2947 1330 3002 osseo,

386 3107 387 3110 Ἴ
460 3037 501 3102 sit
511 3060 605 3102 causa
619 3061 780 3108 ossearum
793 3039 882 3104 inhis
896 3037 1097 3104 lamellerum
1107 3088 1117 3114 ,
1129 3036 1258 3114 XVIII,
1275 3059 1326 3123 29.

286 3187 291 3196 ·
328 3145 433 3214 Aortae
461 3161 683 3234 uneurysmete
715 3149 879 3214 vertebras
910 3147 1041 3234 quidem
1063 3159 1247 3220 excavant;
1275 3145 1329 3212 sed

372 3255 549 3342 interjectis
569 3256 749 3345 ligamentis
766 3279 1001 3344 nonnunquam
1017 3255 1144 3334 illesis,
1160 3255 1239 3335 XL,
1267 3257 1329 3333 26,

375 3387 416 3455 29
433 3375 465 3430 et
481 3388 568 3453 seqq.

355 3485 356 3494 ’
415 3473 721 3562 possuntinterdum
739 3475 902 3558 vertebras
916 3472 1329 3562 adeoexeavare,ntspina
1409 3521 1410 3544 r

461 3582 704 3668 disrumpetur,
729 3582 813 3659 XL,
838 3605 890 3670 27.

331 3691 437 3765 Aoitae
453 3713 644 3778 sneurysma
657 3693 850 3770 maximum,
871 3705 906 3758 ut
918 3693 1037 3760 ventris
1050 3687 1226 3758 dimidium·
1237 3711 1330 3760 occu·
1409 3685 1410 3712 ¹

281 3883 282 3886 Ἴ
373 3811 491 3888 paret,
516 3798 598 3874 XL,
627 3801 678 3864 26.

418 3909 524 3998 aliquo
553 3923 779 3998 aneurysmate
806 3913 981 3982 introrsum
1014 3922 1135 4004 rupto,
1169 3907 1330 4000 quemodo
1409 3943 1410 4006 r
