2850 4676
838 329 847 364 i

346 433 842 495 araruounornnrrron.
905 427 907 448 '
950 499 953 506 ,
1036 454 1094 521 171

80 555 424 624 Aortaeinssammatio
434 609 443 635 ‚
453 571 527 647 post
536 557 697 628 Aretaeum
707 560 955 625 rixmemorata.
969 561 1094 641 XXVI,

137 667 198 731 56.

83 775 203 844 Aortae
219 776 336 842 tunicae
352 799 444 866 aequo
456 779 619 844 tenuiores
643 778 721 865 quid
738 776 873 845 afferant
891 777 1095 860 detrimen'tI,

134 882 268 952 XXVII
284 935 293 959 ‚
321 887 370 964 24.
399 902 402 908 ’
683 881 686 886 ’

182 990 300 1058 haruin
316 993 447 1060 interior
465 994 561 1062 Iaoies
578 995 685 1072 unde,
702 1009 736 1061 et
752 997 917 1084 quomodo
932 999 1096 1086 inaequalis

204 1095 312 1179 22,
342 1103 487 1181 xxur,
517 1105 547 1170 5.
833 1083 839 1100 '

182 1211 270 1276 unde
288 1211 320 1276 in
338 1211 571 1301 longitudinem
594 1214 739 1293 sulcata,
755 1214 901 1292 XXIV,
927 1215 979 1281 55.

183 1321 331 1387 innatum
349 1324 424 1410 ipsis
441 1323 650 1390 tuberculum
662 1327 768 1414 majus
780 1327 896 1414 quibus
912 1343 986 1390 oum
999 1325 1096 1414 signis

229 1433 443 1519 conjunctum
458 1435 578 1511 suerit,
608 1435 740 1534 XXVI,
767 1437 809 1522 59
825 1484 834 1513 ,
860 1439 914 1515 4ο.

89 1537 201 1606 Aortae
227 1537 428 1609 dilatationes
453 1531 623 1635 quomodo
643 1545 782 1610 subitam
809 1557 948 1610 mortem
985 1543 1097 1612 afferre
1158 1635 1162 1640 ι

138 1650 287 1738 possint,
310 1648 451 1726 XXVI,
474 1651 529 1714 52.
754 1683 770 1733 s

185 1758 307 1824 eaedem
324 1810 333 1836 ,
353 1773 386 1826 ot
408 1757 468 1824 alia
491 1759 568 1826 vitia
587 1759 691 1823 curin
715 1759 871 1847 quosdam
891 1761 997 1849 potius
1013 1759 1098 1830 illius

229 1891 358 1947 ramos,
379 1893 476 1958 quam
493 1871 526 1938 in
541 1881 695 1946 caeteros,
713 1881 950 1960 propagentur,
964 1867 1096 1954 XXVI,
1207 1937 1214 1941 ,
1302 1867 1306 1873 ’

234 1983 285 2046 25.

185 2091 218 2156 ἰ2
237 2088 475 2155 dilatationibus
497 2113 555 2155 cur
579 2092 717 2180 parietas
740 2090 904 2156 interdum
927 2075 1100 2157 crassiores

232 2200 295 2264 sint
312 2247 321 2276 ,
350 2211 382 2263 et
399 2198 588 2288 rigidiores,
614 2198 748 2276 XXVI,
777 2200 836 2278 24..

183 2308 217 2374 In
233 2307 471 2378 dilatationibus
492 2332 594 2398 prope
614 2333 670 2374 cor
685 2311 823 2397 parietes
839 2333 898 2376 cur
921 2309 1037 2398 saepius
1053 2307 1095 2374 ad

226 2419 403 2506 posteriora
420 2431 621 2506 ‘rumpantur
636 2471 645 2496 ,
663 2419 682 2484 I
688 2417 755 2485 bid.

96 2527 202 2595 dortae
225 2541 487 2615 aneurysmatum
523 2528 786 2594 observationum
807 2528 935 2594 initium
963 2541 996 2594 et
1018 2551 1097 2618 pro-

141 2653 290 2724 gressus,
316 2635 442 2711 XVII,
473 2637 515 2712 5,
541 2638 572 2715 4.

183 2765 295 2810 eorum
319 2745 486 2812 dirisio‘in
509 2744 733 2821 sacoiformia,
753 2757 785 2810 et
799 2766 863 2810 non
877 2745 1096 2824 succisormia,

211 2853 352 2933 XVII,
379 2879 431 2942 27.
1008 2845 1010 2849 ’

184 2963 271 3029 unde
288 2965 391 3052 prima
408 2975 619 3050 utrorumque
643 2963 732 3051 origo
750 3011 759 3039 ,
785 2961 921 3040 XXIV,
946 2963 999 3050 57.

184 3071 384 3138 sacciformia
402 3097 468 3140 non
491 3085 566 3139 sunt
585 3095 682 3150 rara,
706 3071 816 3139 XVIII
834 3121 843 3147 ‚
870 3073 923 3136 55.

184 3205 255 3270 quae
273 3183 442 3251 interiores
458 3205 541 3272 saepe
563 3180 732 3247 efformant
750 3177 1015 3269 aneurysmatum
1039 3201 1098 3268 pa·
1131 3242 1136 3248 .

230 3292 328 3358 rietes
345 3343 353 3367 ‚
371 3314 435 3357 non
449 3305 546 3368 sunt,
565 3305 601 3358 ut
612 3291 691 3356 mihi
716 3289 921 3356 crediderunt
937 3341 946 3366 ‚
962 3291 1097 3356 arteria-

228 3423 301 3468 rum
317 3403 457 3479 tunicae,
479 3401 593 3478 XVII,
618 3425 677 3487 29.Ι
690 3399 824 3478 XXVI,
851 3403 882 3486 9.

182 3511 239 3598 qui
254 3512 350 3599 primi
370 3511 403 3575 id
421 3511 731 3587 animadverterint,
751 3508 870 3584 XVII,
900 3531 951 3596 29.

183 3619 261 3705 quid
277 3643 313 3685 ea
329 3620 416 3697 sint,
438 3632 471 3685 et
488 3619 574 3685 unde
598 3620 791 3708 gignantur,
816 3605 907 3682 [tid.
957 3668 961 3678 ,

182 3729 339 3806 materia,
360 3728 464 3807 lardi,
487 3739 542 3794 aut
559 3729 627 3793 sebi
643 3727 787 3803 similis,
820 3724 907 3791 uude
932 3724 1010 3790 oIim
1034 3721 1098 3812 ibi*

229 3836 303 3902 dem
320 3839 474 3915 inventa,
501 3835 637 3913 XVIII,
661 3824 722 3902 25)

103 3941 207 4010 Aortae
220 3949 481 4035 aneurysmatum
495 3947 583 4036 sigua
595 3945 687 4014 valde
700 3963 933 4040 nonnunquam
945 3940 1096 4018 obseura,

145 4052 226 4132 XL,
251 4077 305 4144 29.
