2850 4676
399 533 594 579 urrunnu
618 529 877 600 6611611166.
1066 531 1126 602 179

92 661 99 672 ·
128 635 340 712 Arthritidem
357 642 537 731 cursaepius
553 653 703 728 sequatur
718 640 874 730 nephritis
889 690 898 717 ,
916 639 1002 707 hanc
1016 655 1123 708 autem

176 753 300 818 cerebri
323 751 456 826 morbi,
482 749 564 824 XL,
588 751 618 813 5.

130 861 313 928 Arthriticis
340 881 404 924 non
435 857 508 926 solis
532 858 649 922 humor
665 859 747 923 inest
770 858 802 922 16
819 881 896 924 6616
913 860 983 924 imae
1004 861 1122 948 spina,

175 970 291 1046 LVII,
321 970 351 1036 5.
960 961 963 965 ’

219 1103 297 1145 6616
314 1079 483 1168 purgantia
499 1077 605 1141 omnia
623 1097 749 1164 semper
768 1077 883 1154 noxia,
901 1073 1008 1155 LVII,
1027 1077 1057 1142 6.

220 1214 299 1256 num
316 1187 366 1254 lac
384 1187 532 1275 quodque
554 1209 681 1274 semper
697 1186 849 1263 noxium,
873 1183 986 1263 LVII,
1006 1211 1035 1274 7.

219 1323 283 1386 quo
300 1301 416 1364 saeculo
437 1297 617 1370 omissum,
640 1293 754 1386 LVII,
781 1321 819 1382 7..

220 1406 296 1496 quid
325 1402 365 1472 de
389 1405 456 1471 aliis
486 1405 619 1470 internis
643 1404 844 1491 externisque
867 1403 1016 1472 remediis
1049 1392 1129 1472 cen-'-

265 1514 418 1590 sendum,
440 1511 555 1589 LVII,
582 1515 650 1578 8et
666 1537 752 1601 seqq.
849 1530 854 1540 ·

221 1623 382 1712 quomodo
396 1623 500 1709 aliqua
511 1621 610 1687 videri
623 1621 746 1710 possint
757 1619 843 1687 utilia
855 1621 964 1709 fuisse,
980 1621 1081 1699 LVII,
1093 1645 1125 1710 q.
1146 1677 1151 1690 .
1176 1693 1178 1699 ,

129 1733 348 1800 Articulorum
365 1731 476 1818 vitium
496 1729 614 1819 ,apud
634 1755 691 1795 nos
713 1753 892 1818 perrarum.
919 1733 951 1794 V
952 1731 998 1796 id.
1021 1731 1124 1798 Genu.

130 1843 239 1915 Attus.
264 1842 304 1906 ln
322 1841 438 1905 horum
454 1841 638 1906 vulneribus
664 1841 689 1905 si
707 1863 830 1906 crassus
847 1839 1018 1907 arteriosus
1034 1853 1129 1910 trun·

178 1975 234 2016 cus
255 1951 373 2016 incisus
397 1951 461 2027 sit,
491 1950 569 2036 quid
589 1949 773 2038 agendum,
805 1949 899 2028 LIV,
925 1953 980 2036 47.

131 2059 378 2150 Arytaenoidaeas
402 2057 566 2148 glandulas
581 2039 646 2124 666
667 2057 766 2122 fuisse
784 2083 801 2123 a
825 2058 946 2124 Galeno
966 2108 975 2137 ,
998 2059 1128 2148 Carpo,

177 2169 326 2235 Fabricio
345 2217 353 2246 ‚
378 2167 642 2234 Schellrammero
656 2181 938 2255 praemonstratas,
957 2169 1132 2258 evidentis-

177 2279 257 2344 sime
276 2277 474 2355 ostenditur,
492 2277 575 2342 XIX
591 2325 601 2354 ,
630 2277 697 2352 55,
725 2278 777 2342 56.
1133 2267 1141 2282 “

222 2389 255 2453 in
263 2387 403 2474 quodam
418 2399 616 2452 monstrosas
632 2387 811 2454 observavit
824 2386 1009 2465 Lancisius,
1031 2387 1132 2467 XIX,

273 2497 326 2562 55.
551 2571 555 2587 .
830 2501 835 2514 '

133 2602 224 2672 Asilii
242 2600 371 2670 aculeus
394 2603 556 2690 quomodo
575 2602 672 2669 boves
693 2625 925 2691 nonnunquam
942 2605 975 2670 in
993 2605 1136 2672 furorem

77 2770 80 2776 ,
179 2727 278 2804 agat,
303 2715 503 2802 inquiritur,
532 2713 636 2787 LIX,
674 2715 725 2777 16.

133 2825 264 2913 Asperae
280 2824 403 2888 arteriae
419 2815 571 2910 'glandula
588 2821 680 2888 valde
696 2821 832 2888 distenta
845 2871 857 2917 ,³
878 2823 1133 2914 ejusque'signa,

180 2931 267 3009 XV,
294 2934 331 2998 15
355 2943 388 2998 61
412 2933 461 3000 16.

228 3039 421 3108 semiannuli
435 3041 475 3106 ab
491 3039 705 3106 ossificatione
720 3041 753 3105 16
763 3037 865 3128 ligura
877 3039 1139 3120 mutati,XXlV,

223 3156 226 3164 '
279 3150 329 3214 16.

225 3255 388 3347 polyposas
401 3279 600 3344 ramosasque
614 3257 849 3326 concretiones.
872 3255 903 3320 V
904 3256 951 3322 id.
972 3255 1072 3345 Sputa
1085 3281 1141 3346 pon

243 3353 246 3358 ¹
273 3365 396 3456 lyposa.
609 3381 611 3388 ’
888 3351 892 3377 ’

228 3478 336 3548 616616
358 3477 560 3541 contumacia
584 3499 646 3562 qua
668 3476 794 3540 ratione
816 3471 948 3540 demum
970 3487 1138 3563 personata

274 3585 362 3659 sint,
393 3583 521 3660 XXII,
548 3606 599 3670 67.

140 3691 312 3782 Asphyxia.
341 3693 420 3757 Vid.
448 3693 603 3758 Pulsuum
630 3691 778 3780 privatin.
823 3721 825 3728 ·

141 3800 234 3890 Aspis
255 3825 423 3866 veranum
444 3813 533 3866 extra
558 3800 697 3865 Africam
716 3801 780 3875 sit,
808 3797 905 3874 LIX,
929 3799 982 3884 57.

231 3911 300 3999 ejus
320 3907 463 3976 morsum
490 3921 622 3998 potest,
649 3921 680 3972 et
696 3906 859 3995 quomodo
893 3905 999 3972 nullus
1020 3908 1053 3974 in
1077 3908 1141 3976 iota

276 4033 367 4108 parte
382 4019 482 4098 livor,
497 4031 552 4087 aut
566 4032 674 4086 tumor
687 4019 798 4106 sequi,
818 4017 894 4086 LIX
909 4067 918 4094 ,
932 4019 974 4095 46
983 4029 1015 4082 61
1028 4041 1114 4108 seqq.

260 4120 262 4129 ’
949 4125 1011 4191 12*
