2850 4676
280 394 341 461 aaa
550 441 580 482 ς.
615 415 737 462 runax
760 409 944 460 nonina!

365 524 513 612 majorne
531 523 591 600 sit,
616 545 713 611 quam
729 523 904 598 Anatomes
920 543 1073 590 sanorum
1087 517 1260 610 coIporum
1274 567 1288 596 ,

411 631 504 699 Praei·
529 634 568 704 ad
584 633 659 698 libr.
688 635 719 700 5.

368 756 480 810 contra
490 743 595 811 minus
603 742 776 832 probantes
786 740 928 808 defensa.
939 740 1031 808 Praef.
1042 741 1083 806 ad
1092 739 1169 807 Iibr.
1182 764 1194 804 r
1206 739 1284 804 et-b.

367 851 455 920 unde
483 852 599 940 inipso
624 851 786 918 interdum
806 849 1040 938 deceptiones,
1065 865 1098 917 et
1120 848 1288 938 quomodo

333 995 340 1002 ,
415 959 574 1028 cavendae.
595 959 686 1026 PraeI.
709 960 750 1026 ad
774 959 846 1025 libr.
880 984 908 1024 1.

370 1069 403 1136 in
422 1092 459 1134 ea
484 1054 661 1146 rariorum,
682 1091 724 1134 an
739 1068 953 1157 vulgatiogum
972 1067 1162 1134 morborum
1177 1067 1285 1133 obser·

416 1179 558 1244 vationes
582 1179 646 1243 siut
665 1177 820 1242 utiliores.
839 1177 932 1242 PraeI.
952 1176 993 1241 ad
1009 1176 1085 1241 libr.
1113 1179 1145 1256 4.

370 1287 466 1352 inea
494 1309 560 1352 non
579 1285 672 1354 facile
696 1286 1007 1374 pronunciandum,
1039 1285 1163 1352 nuIIam
1181 1283 1284 1352 morbi

417 1396 515 1476 fuisse
531 1419 661 1466 causam
674 1418 745 1483 quae
761 1394 961 1462 eaderetsub
972 1417 1083 1460 sensus
1099 1443 1109 1473 ‚
1127 1393 1213 1471 XV,
1232 1395 1283 1473 ¹4·
1399 1411 1400 1460 t

373 1505 518 1593 ejusdem
531 1503 581 1569 vel
605 1505 638 1570 in
661 1503 852 1570 deducendo
868 1502 1006 1579 utilitas,
1027 1503 1130 1580 XIII,
1158 1504 1210 1570 26.
1399 1475 1400 1554 i

286 1610 484 1680 Anatomicis
497 1613 529 1678 in
538 1613 767 1702 experimentis
782 1612 1066 1703 seIes‚praesertim
1076 1635 1189 1680 recens
1200 1612 1284 1687 nati,
1399 1585 1400 1652 I

327 1723 446 1789 diutius
463 1724 573 1790 vivunt
590 1753 601 1799 ¹,
623 1723 705 1800 LII,
736 1723 788 1788 26.

285 1831 520 1921 Aneurysmata
539 1834 664 1900 interna
689 1856 749 1899 cur
771 1831 822 1917 vel
843 1833 957 1921 priscis
975 1832 1175 1922 temporibus
1191 1829 1285 1898 fuisse

328 1933 488 2030 oredmda
510 1943 583 2010 sint.
614 1941 745 2020 LXIV,
771 1965 820 2029 ¹7·

463 2075 543 2119 num
559 2051 708 2139 Antiquis
723 2052 801 2118 satis
819 2062 895 2118 nota
908 2100 917 2127 ‚
930 2061 964 2115 et
987 2071 1046 2116 cur
1068 2072 1155 2126 non,
1170 2047 1264 2116 XVII
1273 2095 1284 2125 ‚

511 2173 580 2226 aet
594 2182 682 2247 seqq.
828 2148 835 2170 '

464 2293 524 2336 our
536 2272 732 2357 plerumque
753 2268 939 2358 adjunctam
956 2269 1097 2336 habeant
1112 2268 1285 2335 vehemen-

511 2389 578 2445 tem
595 2380 784 2446 arteriarum
801 2379 1035 2466 pulsationem,
1055 2376 1187 2456 XXIV,
1210 2377 1263 2442 55.
1399 2429 1400 2518 p

466 2487 631 2575 quomodo
656 2489 719 2554 sint
749 2488 912 2554 interdum
934 2489 1002 2556 sine
1026 2489 1231 2576 pulsatione,
1256 2494 1288 2550 et
1399 2519 1400 2548 r

508 2595 647 2684 pulsatio
661 2597 729 2662 siue
747 2619 929 2686 uneurysm.
958 2596 1045 2661 Vide
1063 2595 1217 2664 Pulsatio.

288 2692 560 2792 Aneurysmatum
581 2705 728 2794 quaedam
744 2705 857 2774 divisio
874 2757 884 2782 ,ἵ
912 2685 1033 2782 XVII,
1058 2707 1092 2782 5,

375 2812 515 2880 duorum
529 2815 561 2879 in
582 2815 696 2882 eodem
714 2815 869 2892 homme,
892 2828 988 2882 aortae
1007 2827 1039 2881 et
1057 2815 1163 2883 cordis
1179 2827 1285 2882 utrum

419 2925 618 3012 praecesserit
637 2975 645 3000 ,
668 2937 701 2990 et
717 2948 795 3002 cur,
812 2924 935 3000 XVII,
963 2947 1015 2990 nn.
1060 2976 1061 2980 ,

375 3055 446 3120 quae
462 3033 545 3100 intra
565 3033 732 3100 thoracem
753 3047 852 3110 sunt,
884 3034 1063 3122 quotuplioi
1083 3034 1210 3103 ratione
1237 3032 1285 3100 lae-

378 3167 381 3174 ·
422 3139 500 3207 dant
516 3143 788 3232 respirationem,
806 3141 920 3218 XVII,
943 3166 970 3209 1.

463 3253 548 3320 inter
563 3251 680 3320 horum
696 3253 785 3343 signa
802 3275 872 3320 esse
891 3251 1143 3320 commodiorem
1160 3265 1285 3318 antror-
1399 3249 1400 3254 ’

506 3383 578 3426 sum
594 3359 740 3426 inclinati
758 3362 902 3450 corporis
916 3362 1013 3426 situm
1028 3409 1038 3439 ‚
1056 3359 1282 3439 confirmatur.

550 3468 687 3546 XVIII,
720 3493 758 3556 17
783 3483 816 3536 et
843 3494 931 3559 seqq.
1399 3453 1400 3466 ἵ

462 3577 522 3643 alia
546 3601 658 3648 eorum
678 3577 797 3648 indicia
822 3629 834 3658 2
864 3577 1001 3657 XVIII,
1032 3599 1082 3666 19.

460 3685 622 3776 quomodo
653 3687 694 3752 ob
729 3689 865 3766 tussim,
889 3699 921 3758 et.
950 3687 991 3756 ob
1019 3687 1117 3756 animi
1148 3685 1280 3756 affectus
1399 3773 1400 3778 ἵ

505 3794 659 3858 oriantur.
679 3793 773 3862 Ibid.
1399 3797 1400 3804 '

463 3913 496 3968 et
517 3902 557 3967 ob
574 3903 660 3970 tube
671 3903 893 3984 inflationem,
909 3901 1046 3984 XV111,
1069 3905 1123 3989 al..
