2828 4678
346 424 410 491 ²7⁰
672 423 796 468 ranan
819 421 1007 468 rourrru

344 529 507 598 llusculur
531 531 564 600 In
590 532 768 598 rivocano
793 534 826 597 in
852 543 1073 599 transversum
1094 531 1256 601 dissectus
1277 551 1291 612 ,'
1318 559 1348 601 so

388 665 497 707 versus
517 654 658 708 extrema
684 665 749 707 non
774 641 953 718 contraxit,
985 641 1090 716 XIX,
1116 645 1171 722 54.

206 835 209 840 1
344 747 708 826 Musschenbroookius,
727 750 862 830 Petrus,
888 749 922 817 P.
943 751 1028 818 Prof.
1049 752 1214 842 UIIrajoct.
1238 753 1348 820 lauda·

387 874 464 937 tus,
490 859 643 937 XXVII,
673 861 703 925 ὅ.

343 971 520 1060 Myopesot
543 967 717 1058 Presbytae.
737 969 785 1036 De
804 969 854 1036 his
872 970 956 1037 vitiis
976 970 1144 1060 quasdam,
1163 967 1275 1050 XIII,
1297 997 1343 1060 ¹9·

811 1177 876 1288 Ν..

347 1406 515 1483 Nanorm,
537 1401 631 1470 Mart.
662 1404 853 1480 excusatio,
875 1401 1003 1481 XLVI,
1034 1406 1084 1471 18.

346 1515 453 1622 IVaeri,
483 1529 519 1581 ut
534 1526 713 1589 vocantur,
738 1515 899 1590 materni,
923 1513 1081 1593 XLVIII,
1105 1516 1157 1594 54.

346 1628 428 1695 Nani
443 1649 555 1692 omnes
579 1647 657 1688 num
679 1623 827 1688 rachitici
846 1623 993 1700 suerint,
1018 1623 1145 1701 LVIII,
1170 1649 1200 1711 7.

344 1735 486 1811 IVannii,
508 1733 615 1808 Petri,
641 1731 829 1821 professoris
851 1729 929 1798 olim
952 1733 1161 1800 Bononiensis
1185 1733 1220 1798 Ρ.
1240 1733 1343 1800 obsor-

387 1845 553 1915 vationes.
577 1841 680 1916 XIX,
706 1843 760 1906 38.
785 1840 886 1916 XLI,
912 1843 943 1906 5.

364 1963 366 1975 ¹
435 1953 503 2024 aliae
524 1953 714 2027 illustratas,
739 1947 845 2026 XXI,
873 1953 928 2030 [μ.

346 2064 527 2135 Narootica.
553 2060 603 2126 Do
625 2059 675 2124 his
697 2059 844 2148 quaedam
860 2111 870 2135 ,
886 2059 988 2136 VIII,
1016 2061 1060 2136 5,
1084 2085 1114 2149 7.

346 2176 421 2244 Nasi
438 2171 555 2238 interni
571 2181 697 2258 septum
713 2171 746 2234 in
765 2170 833 2236 aliis
850 2169 943 2236 alitor
961 2221 970 2248 ,
991 2170 1088 2238 otiam
1107 2193 1123 2236 a
1141 2171 1339 2260 primordiis,

388 2309 423 2352 se
446 2281 567 2348 habere
593 2301 828 2368 nonnunquam
848 2331 858 2357 ,
882 2303 948 2346 non
972 2293 1057 2374 ¹esta
1077 2280 1238 2370 chirurgia
1259 2284 1341 2372 iguo

386 2396 548 2472 randum,
576 2404 707 2470 atsur,
735 2393 837 2470 XIV,
865 2396 915 2460 16.

511 2505 592 2594 *ojus
608 2503 699 2580 vitii,
727 2523 802 2568 uum
828 2527 983 2591 magnum
1015 2517 1084 2581 est,
1111 2529 1262 2594 quaenam
1277 2529 1341 2572 essa

543 2661 544 2665 ,
566 2613 690 2701 possint
704 2613 833 2678 indicia.
861 2613 951 2679 ibid.

432 2721 578 2813 quoedam
604 2722 694 2809 quasi
724 2745 868 2788 verrucae
903 2735 936 2790 ot
963 2723 1131 2792 tubercula
1156 2726 1341 2815 glandulosa
1408 2751 1409 2788 1

474 2831 651 2897 observata.
673 2828 763 2898 Ibid.
793 2853 845 2896 no.

428 2943 620 3032 polyporum
636 2941 722 3005 varia
738 2950 863 3006 natura.
887 2939 975 3006 Ibid.
1004 2965 1061 3030 17,
1089 2945 1148 3022 18,
1174 2967 1225 3010 ao.

519 3061 552 3116 et
563 3050 838 3139 quorumpropriu
849 3043 1003 3140 polyposa
1016 3075 1082 3117 non
1108 3055 1160 3119 sit.
1177 3053 1269 3120 luia.
1290 3080 1337 3142 ¹7·

519 3147 761 3250 uaria'originis
778 3160 880 3227 sedes.
905 3161 994 3228 Ibid.
1018 3176 1050 3230 et
1075 3187 1127 3230 oo.

519 3293 578 3335 our
593 3293 633 3336 ex
647 3269 866 3337 maxillaribus
890 3273 1013 3340 sinibus
1035 3273 1161 3340 facilius
1180 3278 1281 3362 quam
1303 3295 1341 3338 ex

562 3381 650 3460 aliis,
676 3381 830 3447 oriantur.
858 3381 948 3448 lbiu.
978 3407 1028 3470 ¹7·

399 3550 403 3556 .
515 3489 556 3556 do
567 3491 909 3558 rationeexsoindendi
922 3493 1059 3584 polypos
1068 3493 1229 3584 quaedam.
1246 3492 1335 3557 laid.

567 3621 617 3685 ¹9·

427 3707 555 3784 Ulcera,
579 3707 658 3774 Vid.
685 3707 822 3775 Ozaenae.

386 3893 388 3899 y
427 3817 558 3884 vulnera
576 3815 721 3908 quandam
741 3816 907 3896 mirifica,
939 3817 979 3884 ad
1007 3843 1122 3888 nasum
1140 3817 1333 3894 referenda,

442 3931 445 3938 ’
471 3926 550 4001 LII,
567 3927 621 4003 ἀι,
