2850 4676
304 405 370 451 sao
635 403 756 452 asara
782 379 959 450 aberrare

389 514 498 580 striata
524 531 657 600 corpora
685 511 754 576 sine
781 509 866 576 striis
890 511 1084 584 observata,
1114 507 1202 576 nulla
1228 527 1300 577 cum
1407 573 1408 586 ,

436 642 551 686 usuum
576 619 725 696 cerebri,
743 631 799 684 aut
821 639 994 684 nervorum
1013 618 1161 694 Iaesione,
1179 616 1226 693 L,
1248 619 1296 682 55.
1407 673 1408 694 ξ

398 727 615 817 Hippocampi
631 728 788 792 observati
801 729 832 793 in
846 727 909 794 fine
926 748 990 792 non
1003 726 1139 803 dilatati,
1156 725 1299 802 LVI,ar.
1407 779 1408 804 ,

304 837 436 906 Cerehri
453 838 646 903 ventriculus
662 836 859 926 quartussis
875 859 1027 902 unacum
1044 835 1125 900 sabra
1143 858 1300 924 conspec*
1407 829 1408 910 i

347 958 485 1036 tusquae
502 946 542 1010 ad
556 947 713 1012 acusticos
731 967 846 1012 nervos
861 955 1040 1034 spectaret,
1063 943 1161 1022 LVI,
1183 967 1235 1010 aa.

304 1053 509 1122 Cerebelium
533 1077 591 1120 cur
608 1054 741 1120 cerebro
758 1051 909 1129 mollius,
934 1051 1003 1128 lv,
1035 1076 1086 1140 ¹7·

394 1165 500 1253 plures
516 1163 723 1262 proportione
737 1162 866 1250 spiritus
879 1161 1006 1229 ridetur
1022 1181 1195 1252 separare,
1211 1183 1301 1249 quam
1407 1229 1408 1244 ,

365 1338 367 1342 ,
439 1271 634 1346 cerebrum,
655 1271 713 1347 II,
741 1272 793 1351 ab.

316 1435 322 1444 ,
392 1393 498 1469 otper
514 1380 643 1445 semitas
672 1379 764 1448 facile
790 1379 986 1467 patentiores
1010 1379 1051 1446 ad
1065 1380 1302 1482 siutcrcostales
1407 1401 1408 1412 ¹

439 1513 552 1554 nervos
573 1490 727 1566 mittere,
751 1489 842 1557 Ibid.

393 1599 530 1666 nimium
547 1597 594 1664 illi
617 1600 774 1664 tributum
798 1599 927 1672 suerat3
956 1597 1015 1664 sed
1040 1621 1146 1688 neque
1173 1597 1301 1680 nImium

347 1717 350 1720 ’
440 1720 488 1774 est
505 1707 764 1784 detrahendum,
789 1707 903 1784 LXII,
928 1710 978 1772 18.

392 1821 470 1884 bum
483 1798 643 1894 desperit,
665 1809 699 1881 in
715 1815 854 1905 quadam
873 1815 1041 1883 BenIvenii
1063 1817 1310 1892 observatione,
1407 1879 1408 1898 p

440 1923 523 2000 LII,
547 1925 597 1990 ab.

394 2033 435 2098 do
451 2027 521 2122 eius
539 2035 571 2098 in
588 2033 808 2098 membranam
825 2035 948 2100 'mutati
968 2033 1196 2105 observatione
1216 2033 1300 2098 dubi·
1407 2075 1408 2080 κ

439 2143 517 2208 tatio
539 2142 694 2229 quaedam.
720 2141 812 2210 Itis.

311 2246 468 2316 cerebelli
488 2251 560 2316 vitia
577 2274 643 2316 non
665 2251 832 2340 repentina
852 2251 963 2320 statim
989 2249 1139 2318 occidere
1158 2272 1225 2320 non
1253 2273 1300 2317 so·

350 2361 428 2426 lent.
454 2357 544 2424 Ibid.

394 2466 530 2555 duplicis
547 2488 658 2562 eoram
675 2467 798 2554 generis
822 2465 977 2555 exemplo.
1005 2467 1097 2534 [bid.

309 2573 485 2649 Cerebelii‚
507 2597 546 2638 en
563 2573 688 2638 cerebri
706 2597 770 2646 non
789 2575 870 2640 levia
888 2575 1022 2641 vulnera
1043 2575 1158 2652 citius,
1179 2577 1301 2642 certius·
1407 2585 1408 2620 ³

350 2706 414 2770 quo
430 2681 593 2746 homiuem
616 2682 788 2769 perimant.
812 2682 904 2748 Ibid.
928 2695 960 2748 et
979 2706 1031 2770 27.

306 2789 466 2860 Gerebeili
489 2790 601 2855 talium
616 2793 787 2856 vulnerum
810 2813 875 2856 non
896 2793 1008 2858 statim
1027 2790 1195 2858 lethalium
1212 2815 1299 2881 quam

348 2898 541 2988 paucissima
564 2910 739 2965 occurrunt
755 2897 899 2988 exempia
917 2949 927 2975 ,
944 2911 977 2966 et
993 2909 1150 2988 quaenam.
1176 2901 1265 2968 loia.

394 3029 561 3097 quterram,
579 3006 636 3074 sed
658 3031 723 3076 noa
740 3009 882 3098 gravium
899 3008 969 3097 ejus
993 3009 1164 3076 vulnerum
1180 3023 1299 3078 sanato-
1407 3001 1408 3020 ¹

437 3139 509 3182 rum
534 3115 689 3204 exemplo.
713 3116 830 3210 loto„

306 3221 462 3292 Gorebetli
489 3235 522 3287 et
546 3224 669 3290 cerebri
693 3223 816 3290 discissi
834 3224 867 3291 in
890 3226 969 3292 viris
984 3226 1123 3304 aribas,
1143 3241 1176 3295 et
1189 3229 1299 3320 selibur
1407 3209 1408 3222 ἵ

347 3331 589 3438 experimenta,
617 3331 701 3407 LII,
738 3331 789 3398 ab.

394 3450 420 3504 a‘
442 3441 634 3526 quibusnam
666 3443 698 3506 in
726 3442 859 3510 canibus
888 3465 1016 3532 quoque
1041 3446 1188 3514 instituta
1218 3449 1299 3524 siat,
1407 3479 1408 3538 3

436 3545 519 3622 LII,
548 3569 563 3610 a
591 3593 599 3612 .
643 3557 644 3561 ’

304 3643 506 3720 (ΣονθὶιθΗυώ
528 3570 596 3720 sirie
611 3654 779 3722 arbuscula
796 3658 966 3739 medullari
984 3660 1171 3743 inventum,
1186 3664 1278 3736 LXII
1284 3715 1298 3758 ,

351 3764 399 3830 15.

304 3867 461 3952 Cerebelli
473 3867 654 3960 plusquam
668 3893 708 3940 ex
725 3871 860 3946 dimidio
869 3875 1026 3948 akirrhosi
1039 3852 1230 3950 observatio.
1242 3879 1289 3950 II.
