2828 4678
377 398 427 444 er
459 397 581 442 nrnuu
613 371 901 444 nornrrrrnrr(
1067 379 1130 446 555

142 547 145 552 -
257 505 466 592 etquaexinde
483 519 750 615 ponsequantur,
773 505 885 584 XLII,
909 507 951 573 55
966 519 998 572 et
1018 529 1106 598 seqq.

212 618 320 692 ulcere
340 638 397 680 our
414 614 573 680 difficilius
592 627 768 694 sanentur,
792 615 909 692 XLII,
944 618 994 682 16.

116 707 130 734 ⁵
213 725 246 790 in
260 737 403 792 scrotum
416 774 425 802 ,
436 737 494 790 eut
511 724 580 792 elio.
590 726 747 814 prolapsae
761 727 1019 804 observationes,
1034 725 1130 804 XLI,
1158 709 1163 718 ’

266 857 315 900 ro.
334 834 466 912 XLIII,
495 838 544 914 ι4.

115 989 118 1010 ι
215 964 295 1009 num
309 945 342 1009 id
359 945 399 1010 sit
412 969 429 1008 a
442 943 627 1033 primordiis
640 993 649 1021 ,
664 943 794 1020 LXIII,
810 947 866 1023 ·ι4.

123 1051 247 1122 Vesicae
271 1053 462 1120 ednetorum
480 1056 689 1136 'sacculorum
711 1105 718 1128 ,
743 1055 813 1119 'sive
834 1055 932 1142 ipsius
949 1054 1135 1120 herulorum

168 1186 234 1228 non
247 1187 310 1230 une
321 1187 416 1230 oeusn
429 1213 437 1239 ,
452 1175 571 1250 et-quae
581 1162 917 1257 quandopraeserendu
931 1213 939 1239 ‚
951 1163 1043 1228 XLII
1055 1165 1131 1239 ,-5ο.

190 1301 191 1308 ¹
213 1273 282 1338 illos
299 1289 365 1338 non
383 1273 532 1362 ignorare
545 1272 794 1338 litboto'morurir
808 1273 951 1338 interest.
964 1271 1055 1337 lttd.
1078 1296 1135 1350 ιο,

209 1403 213 1414 ’
262 1385 341 1452 52.Ι
706 1453 708 1458 ,
1104 1377 1106 1385 '

213 1492 380 1580 imponere
398 1491 562 1558 interdum
577 1503 711 1580 possunt
725 1469 784 1580 pro
799 1487 1024 1557 altera‘vesica.
1042 1489 1062 1557 I
1065 1489 1133 1556 bid.

264 1602 319 1668 52,

216 1709 349 1798 quondo
367 1733 477 1776 revere
494 1709 601 1774 vesica
618 1707 806 1798 multiplex,
826 1721 858 1774 et
874 1711 925 1776 vel
947 1709 1138 1806 quintuplex

262 1832 388 1908 reporta
405 1821 456 1886 sit.
478 1818 498 1883 I
500 1818 569 1884 bid.

216 1928 257 2007 ed
271 1930 350 2016 'ejus
366 1929 589 2018 duplicitatem
603 1924 687 1996 mule
713 1953 729 1994 a
751 1926 897 2019 plurimis
909 1923 1022 1996 'referri
1038 1927 1139 2017 hyda·
1200 1925 1204 1958 ³

263 2038 363 2104 tidein
380 2063 555 2129 magnam,
579 2063 597 2104 a
615 2039 747 2123 Coitero
764 2040 977 2106 observatam.
998 2038 1018 2103 I
1022 2037 1089 2102 bid.

124 2145 249 2216 Vesicae
272 2147 370 2214 libres
397 2171 556 2225 cernens,
585 2150 737 2236 ipsusque
769 2149 894 2214 tunicas
922 2168 1044 2214 orasses
1068 2147 1141 2212 fieri

172 2258 213 2321 ab
230 2258 329 2322 urinae
342 2255 534 2324 difficultate
551 2309 559 2334 ,
575 2258 646 2346 quis
660 2269 752 2323 antea
767 2258 948 2333 monuerit,
964 2255 1070 2332 XLII,
1081 2256 1135 2320 55.

216 2365 349 2437 fiuntet
373 2366 413 2431 ab
442 2365 512 2432 eliis
540 2367 669 2445 causis,
695 2379 902 2457 augentque,
936 2377 991 2430 eut
1011 2376 1142 2433 servant

264 2476 364 2578 opines
381 2475 616 2542 difficultatem.
643 2475 734 2544 lbet
762 2489 797 2543 et
817 2497 916 2564 seqq,-

126 2579 255 2652 Vesica.
290 2585 327 2652 ln
345 2609 383 2650 ea
409 2585 526 2652 crediti
548 2587 683 2662 morbi,
715 2586 749 2652 in
765 2587 898 2652 renibus
923 2583 1142 2674 deprehensi,

173 2692 295 2771 XLII,
326 2706 395 2766 met
416 2715 504 2782 seqq.
572 2719 574 2722 ·

313 2802 405 2872 Unde
423 2801 709 2882 horatius„
753 2816 756 2824 ’

219 2934 259 2978 ex
287 2935 324 2976 ee
358 2911 522 2999 quomodo
547 2913 648 3000 possit
678 2911 845 2978 interdum
869 2909 911 2974 ud
929 2923 1026 2976 'renes
1050 2911 1142 2974 urina

266 3022 387 3088 revehi.
414 3021 505 3088 Ibid.
529 3025 587 3088 'obs

126 3130 254 3205 Vesicae
281 3133 421 3200 calculos
443 3133 497 3218 qui
509 3133 609 3220 primi
632 3131 666 3196 in
690 3131 821 3196 renibus
845 3129 1019 3207 inchoari,
1041 3133 1144 3220 etqui

175 3243 209 3308 in
224 3242 329 3308 vesica
349 3243 414 3330 ipso
444 3241 628 3307 docuerint.
653 3239 748 3307 Itis.
783 3243 835 3306 18.

218 3351 569 3422 ealoulirintervesieae
590 3353 717 3424 tunicas
739 3349 903 3438 quomodo
924 3374 993 3420 esse
1007 3350 1141 3439 possint.

239 3460 358 3528 '1⁶1'bt‘d.
383 3463 436 3526 51.
493 3513 518 3523 ..

178 3633 181 3640 i
248 3547 332 3636 *a
341 3569 538 3638 mulieribus
555 3593 612 3658 per
628 3593 662 3636 se
676 3572 820 3646 excreti,
849 3569 960 3647 XLII,
981 3572 1034 3648 42.

313 3681 461 3757 maximi,
476 3691 509 3746 et
528 3702 586 3746 cur
598 3677 812 3769 virispotius,
826 3699 923 3768 que-m
938 3677 1136 3744 mulieribus.
1230 3677 1233 3681 ’

325 3789 458 3857 uste:
780 3771 782 3778 ’
1186 3784 1197 3788 ”

131 3889 258 3966 Vesicae
290 3897 418 3968 eeleuli¹
436 3899 554 3990 signa,
586 3896 744 3966 redeunte
760 3899 902 3990 podagre
921 3945 930 3976 ,
949 3885 1142 3972 obscurata,

182 4005 299 4083 XLII,
329 4031 379 4072 ro.
