2906 4676
390 416 438 462 cr
461 415 589 463 nanuu
622 413 889 465 normarum
1076 411 1139 493 ⁹97

227 519 335 594 ultera
355 525 518 592 interdum
539 528 679 616 laryngis
698 523 896 592 exulceratio
911 521 1068 588 mentitur
1083 544 1090 585 :
1106 530 1139 584 et

275 635 436 722 quomodo
456 635 700 701 internoscenda
720 682 730 711 ‚
758 632 822 700 XV
834 659 847 708 ’,
876 635 926 712 14.

139 736 303 808 Pulmonis
316 727 477 830 quomodo
495 769 532 810 ea
554 768 628 832 pars
641 741 735 834 rupta
752 743 793 808 sit
811 763 882 831 quae
895 741 1027 808 suberat
1044 737 1140 804 costis

184 851 339 941 integris,
367 873 432 918 non
450 877 521 940 quae
534 853 664 930 fractis,
692 852 795 929 LIII,
819 854 875 930 54.
981 845 985 854 ’

229 960 391 1048 absumpti
408 961 462 1049 qui
483 984 555 1025 vasa
571 962 655 1026 intra
679 961 852 1026 thoracem
864 958 995 1024 hiantia·
1005 958 1140 1046 inveneq

275 1065 365 1148 rint,
390 1068 514 1145 XXII,
542 1093 570 1156 7.
663 1073 668 1086 “
850 1058 852 1064 1
1038 1117 1044 1156 p

229 1173 372 1267 hydrops
391 1179 523 1266 proprie
547 1179 672 1252 dictus,
695 1176 793 1254 XVI,
815 1176 869 1242 55.

232 1285 415 1353 Pulmones.
443 1287 480 1354 ln
499 1289 536 1352 iis
557 1311 625 1356 ossa
639 1286 826 1362 interdum,
846 1287 908 1359 ned
923 1305 1020 1372 parva
1031 1331 1041 1359 ,
1054 1279 1140 1346 undo

275 1395 363 1473 sint,
388 1394 474 1472 XV,
505 1399 554 1461 18.

179 1571 190 1582 „
232 1501 265 1572 in
295 1505 332 1570 iis
354 1503 468 1593 globus
495 1506 666 1594 plumbeus
688 1503 825 1572 duarum
849 1504 1047 1578 unciarum,
1073 1499 1141 1566 sine

182 1683 183 1690 ¹
277 1598 345 1680 ullo
365 1615 517 1702 ponderis
541 1639 635 1682 sensu
653 1666 661 1692 ,
681 1615 827 1690 lraerens,
847 1638 907 1689 nr,
932 1635 981 1677 ra.

232 1721 325 1788 iniis
358 1711 501 1801 calculi,
524 1724 688 1813 -topbique
714 1724 801 1790 uude
826 1774 836 1800 ‚
866 1735 899 1790 et
915 1721 970 1786 ubi
997 1719 1142 1808 plerique

179 1859 180 1867 ¹
278 1831 660 1922 fiant‚XV,19,2.⁷›.

233 1938 351 2006 horum
372 1941 571 2008 calculorum
596 1943 650 2031 qui
675 1943 915 2009 observationes
940 1935 1141 2026 collegerint.

278 2051 369 2118 ruta.
402 2075 451 2140 ις.
705 2033 707 2039 ’
1120 2049 1122 2054 ·

323 2161 379 2250 qui
402 2162 500 2249 primi
517 2184 573 2226 eos
593 2159 844 2226 observaverint.
873 2159 964 2230 Ibid.
986 2152 1044 2223 ao.

323 2292 388 2358 quo
407 2293 542 2335 numero
560 2271 725 2335 interdum
746 2271 874 2336 fuerint.
902 2279 921 2338 1
925 2267 992 2332 bid.
1030 2289 1033 2294 ’

328 2403 391 2468 qua
414 2380 553 2468 saepius,
583 2391 616 2444 et
638 2403 701 2468 qua
726 2379 889 2446 interdurn
911 2372 1145 2467 magnitudine.

367 2485 456 2554 ibid.

324 2620 386 2686 qun
409 2599 549 2687 saepius,
579 2611 612 2664 ct
632 2623 694 2686 qua
713 2621 945 2686 nonnunquam
969 2595 1150 2664 consisten-

370 2708 423 2772 tia.
446 2707 538 2772 Ibid.
571 2731 626 2772 21.

324 2817 440 2905 quibus
477 2815 771 2906 symptornatibus,
807 2827 840 2884 et
869 2843 948 2884 num
985 2839 1150 2904 semper,

369 2927 495 2994 etiamsi
516 2927 621 3016 asperi
645 2928 736 3004 sint„
761 2948 836 2993 cum
857 2927 968 2992 dolore
989 2949 1055 2992 non
1075 2920 1148 2989 lavi.

370 3034 461 3100 ibid.
488 3058 524 3101 ar
548 3047 581 3102 et
602 3059 691 3127 seqq.
716 3035 845 3112 LXIV,
868 3037 899 3102 5.
991 3033 995 3043 ¹

326 3143 474 3231 quaedam
497 3145 539 3210 de
556 3168 669 3210 eorum
692 3146 879 3221 curatione,
903 3144 965 3212 XV
986 3195 994 3219 ,
1022 3168 1075 3210 21.

329 3275 389 3317 cur
410 3275 494 3340 saepe
517 3267 656 3320 mortem
685 3254 847 3327 afferant;
886 3268 919 3322 et
935 3256 1028 3344 plura
1045 3267 1154 3320 tamen

375 3363 535 3426 contraria
560 3363 716 3452 exempla.
748 3365 839 3430 Ibid.
869 3373 932 3444 22‚'

151 3463 325 3540 Pulmones
356 3467 416 3558 ipsi
444 3471 607 3560 quomodo
645 3474 763 3562 lapidei
790 3487 846 3538 aut
877 3473 1027 3562 tophacei
1059 3457 1149 3538 siant.
1223 3551 1225 3555 Ι

122 3618 136 3628 ,
196 3579 287 3644 Ibid.
313 3577 365 3644 25-
825 3649 829 3658 A
903 3652 908 3667 .

242 3689 402 3756 factorum
418 3687 536 3762 indicia
557 3699 590 3755 et
614 3688 864 3760 observationes.
883 3693 901 3751 I
905 3691 972 3756 bid.
992 3693 1053 3766 25,
1075 3691 1127 3760 eti.

153 3796 347 3866 Pulmonum
374 3801 407 3866 iu
429 3822 510 3886 aqua
528 3799 762 3867 subsidentium
782 3852 791 3878 ,
815 3815 870 3868 aut
890 3801 1071 3866 natantium
1098 3825 1155 3866 ex-

195 3909 411 3999 perimentum
432 3909 474 3974 ad
502 3909 762 3988 inveniendum,
797 3924 970 3985 mortuus,
1002 3933 1042 3974 an
1065 3909 1154 3976 vivus

193 4017 298 4085 iulans
311 4018 416 4087 editus
432 4019 496 4098 sit,
520 4019 688 4109 antiquum
708 4033 857 4094 nonest,
882 4019 985 4096 XIX,
1013 4020 1067 4098 45.
