2828 4678
278 458 340 541 278
612 475 733 520 runux
767 475 953 546 uonuuu¹

360 605 498 670 quorum
526 584 693 671 genoratio
711 597 766 649 ant
782 587 894 650 saltem
912 584 1150 652 incrementum
1168 583 1269 650 videa·

406 705 459 756 tur
473 713 566 780 posse
590 691 768 779 impediri,
793 691 915 768 XXV,
937 716 970 779 9.
989 691 1145 768 XXVII,
1173 695 1229 758 50.

144 863 147 872 .
273 799 425 877 Ossium,
448 802 513 866 sive
533 801 614 866 ossei
632 802 720 867 succi
737 813 882 868 recantas
903 803 994 890 quasi
1019 801 1194 870 effusiones
1213 802 1278 866 ob-

314 921 469 984 servatu,
489 908 640 986 XXVII,
661 911 693 988 4.
713 908 808 985 LVI,
833 933 886 976 ar.

358 1017 443 1106 apud
463 1040 543 1105 quos
571 1017 730 1084 difficilius
754 1021 879 1108 possint
897 1019 1014 1086 harum
1036 1021 1152 1108 aliquae
1174 1017 1277 1110 expli·

405 1126 494 1203 cari,
520 1127 674 1204 XXVII,
695 1130 727 1206 4.

270 1234 386 1303 Ovaria
410 1259 466 1308 cur
482 1238 595 1325 saepiua
613 1237 693 1302 adeo
709 1235 921 1313 mulieribus,
941 1261 1039 1326 quam
1062 1239 1189 1304 oaetoris
1209 1239 1272 1303 foe-

311 1346 407 1411 minis
417 1397 426 1422 ,
437 1345 639 1424 tumoribus,
657 1357 689 1412 ot
704 1346 789 1412 vitiis
797 1346 866 1416 aliis
879 1344 994 1412 affecta
1008 1348 1091 1422 siut,
1105 1345 1274 1422 XXXIX,

315 1457 369 1520 58.

354 1587 467 1630 eorum
484 1587 560 1630 usus
577 1563 617 1628 ad
631 1566 872 1653 generationem
890 1587 957 1630 non
973 1577 1084 1630 tamon
1099 1578 1275 1654 propterea

399 1653 563 1762 negandus
581 1687 650 1750 est,
670 1671 776 1740 XLVI
793 1725 803 1748 ,
829 1676 883 1738 51.

354 1783 517 1872 quomodo
547 1781 708 1848 skirrhosa
739 1783 790 1850 iila
808 1833 818 1860 ,
839 1796 872 1848 et
900 1783 987 1850 tuba
1009 1785 1172 1872 imporviae
1204 1808 1276 1851 esso

399 1891 569 1979 aliquando
581 1893 705 1980 possint
724 1893 756 1958 in
774 1893 941 1981 puerperio
960 1943 969 1970 ‚
988 1895 1053 1958 imo
1070 1905 1102 1958 at
1115 1894 1149 1959 in
1166 1897 1274 1983 gravi-

271 2031 274 2038 *
396 2001 456 2066 dia.
482 1999 573 2065 Ibin
595 2003 648 2066 28.

353 2111 386 2176 in
402 2111 529 2176 illorum
550 2111 763 2179 vesicularum
784 2111 920 2177 humore
940 2113 1170 2199 corpusculum
1191 2136 1273 2178 ean·

400 2219 512 2284 didum
544 2219 605 2286 suit
631 2243 695 2286 non
730 2220 964 2288 fecundationis
996 2221 1183 2298 indicium,
1214 2223 1271 2289 sori

396 2329 502 2393 morbi
520 2327 665 2394 effoetus.
692 2327 783 2393 Ibid.
803 2331 856 2394 50.

207 2455 211 2464 ’
265 2437 455 2503 Orariorum
483 2459 614 2525 prorsus
644 2436 869 2504 deficientium
894 2437 1055 2504 rarissima
1072 2437 1266 2506 observatio.

305 2546 396 2613 Ibid.
419 2570 481 2624 ao,
507 2569 562 2611 22.
930 2551 934 2556 ’

350 2653 480 2721 alterius
497 2654 651 2721 duntaxat
670 2705 679 2733 ,
706 2655 845 2732 LXIX,
875 2656 925 2720 16.

351 2765 485 2829 tumoris
502 2763 657 2830 librarum
673 2761 714 2843 24
729 2765 909 2830 observatio
925 2781 938 2841 ,'
959 2763 1112 2830 XXXIX
1128 2815 1136 2842 ,
1163 2767 1218 2854 59.

295 2871 297 2876 ’
347 2873 389 2938 do
404 2875 585 2938 uvariorunr
602 2886 634 2938 ot
646 2874 826 2939 rioiuarum
841 2873 981 2961 partium
995 2872 1172 2962 hydropIs,
1188 2873 1266 2940 aiio·

393 3007 506 3048 rumve
529 2995 693 3046 tumorum
726 2979 879 3058 indiciis,
905 2981 1110 3061 XXXVIII,
1128 2986 1170 3073 59
1190 2986 1262 3064 ,64

392 3103 425 3155 at
444 3113 531 3178 seqq.
549 3089 720 3165 XXXIX,
747 3092 802 3168 4ο.

457 3199 488 3262 V
490 3198 538 3261 id.
558 3199 653 3262 etiam
673 3197 835 3286 hydropos
853 3199 990 3264 ‘saccati
1093 3207 1095 3212 ’

346 3308 402 3396 qui
414 3330 469 3372 oos
482 3305 557 3372 olim
570 3319 620 3382 ,ot
635 3317 745 3394 postea
756 3306 1014 3384 observaverint,
1024 3307 1191 3387 XXXIX,
1201 3311 1256 3389 4ο.

405 3409 874 3504 ’ωῶὼῴωῶὥω.

433 3526 549 3590 horum
574 3525 765 3590 observatio.
792 3523 885 3590 Ibin.

344 3634 422 3725 quid
435 3636 498 3701 sint
514 3636 717 3724 parvaequasi
734 3633 892 3725 glanduiae
907 3657 1048 3702 carnosae
1060 3685 1069 3713 ‚
1079 3636 1127 3702 ab
1141 3638 1258 3704 ovariis

386 3767 617 3832 nonnunquam
626 3767 684 3832 por
693 3745 847 3832 petiolum
862 3742 1251 3832 pendentes,XLIII,21.

256 3850 389 3920 Ozaenae.
406 3853 585 3918 Daharum
602 3851 699 3918 otiam
717 3853 749 3917 in
767 3854 986 3921 maxillarihus
1010 3867 1044 3920 ot
1059 3854 1252 3924 frontalibus

277 3956 278 3959 ¹
297 3965 420 4032 sinibus
439 3964 625 4043 curatione,
645 3965 748 4044 XIV,
767 3989 819 4042 22.
1003 3966 1004 3974 ’
1114 3965 1117 3972 ’
