2850 4676
324 445 386 532 176
647 463 772 512 22222
795 463 986 512 noutnurt

320 572 528 664 Apoplexiam
545 595 616 660 quae
635 573 831 660 compressio
851 573 974 638 cerebri
1004 575 1106 662 possit
1124 573 1230 641 fecere
1251 625 1266 652 ,
1299 585 1332 641 el

364 705 515 773 quaenon
540 681 667 770 possit,
688 680 754 758 IV,
774 704 845 770 29,
879 683 931 746 55.
953 681 1028 759 ΧΙ,
1052 707 1101 770 17.
1129 683 1215 761 LX,
1245 685 1304 763 24.

410 817 427 858 2
440 791 563 859 cerebri
581 791 727 856 erosione
738 790 826 868 fieri,
840 791 895 880 qui
908 791 985 856 ottm
998 791 1185 870 docuerint,
1206 793 1276 870 ΙΙΙ,
1291 796 1322 860 5.

499 911 655 988 quatenus
675 899 707 964 id
730 923 842 964 verum
859 900 910 964 sit.
936 899 1027 964 llic.
1056 913 1090 966 et
1110 901 1178 979 IV,
1206 904 1236 968 5.

408 1033 488 1077 num
506 1033 658 1096 semper,
681 1021 737 1073 aut
751 1021 840 1074 certe
859 1008 1117 1096 frequentissime
1134 1010 1253 1077 faciant
1266 1035 1326 1100 po·

456 1118 553 1206 lypi‚
583 1117 650 1182 sive
673 1116 837 1206 polyposae
867 1119 1112 1196 concretiones,
1137 1119 1201 1196 IV,
1226 1121 1280 1186 25.

411 1249 490 1292 num
514 1249 669 1314 semper,
693 1237 748 1291 aut
772 1226 1032 1314 frequentissime
1050 1229 1230 1318 intercepta
1250 1229 1326 1297 colli

384 1397 387 1404 ,
457 1357 541 1400 vasa.
565 1333 657 1399 Ibid.

325 1444 506 1536 Apoplexiae
519 1443 594 1509 alias
613 1454 689 1508 sunt
706 1444 891 1521 acerehro,
914 1444 990 1510 alias
1008 1405 1225 1521 acerebello,
1250 1443 1325 1511 alias

367 1556 588 1642 abutroquc,
621 1551 687 1627 ΙΙΙ,
720 1575 771 1639 27.
798 1551 864 1630 ΙΙ,
893 1577 943 1640 ¹7·

181 1744 186 1756 ¹
325 1665 508 1756 Apoplexia'
519 1659 748 1738 haereditaria,
776 1661 845 1738 IV,
871 1685 917 1739 2,
944 1685 996 1727 ao.

325 1773 499 1864 Apoplexia
523 1771 672 1860 correpti.
707 1771 792 1835 In“
771 1794 809 1836 us
837 1773 938 1837 urinae
958 1773 1123 1850 retentio,
1155 1747 1226 1860 ipuae
1245 1797 1324 1863 saepe

368 1882 518 1957 accidit,
548 1879 859 1958 animadvertenda,
896 1893 928 1946 et
949 1879 1191 1968 praecavenda,
1213 1879 1266 1958 V,
1291 1885 1320 1947 8.

367 1991 468 2069 LVI,
501 2013 551 2055 22.

410 2102 449 2170 iis
476 2099 704 2189 superveniens
726 2098 836 2174 febris,
855 2097 939 2162 Via.
965 2099 1099 2166 Febres.

498 2231 534 2275 22
556 2207 692 2283 utilior,
721 2231 760 2272 an
777 2208 947 2273 nocentior
962 2209 1003 2274 sit
1023 2230 1157 2288 serosa,
1184 2231 1225 2275 an
1246 2232 1322 2278 san-

544 2317 660 2405 guinea
676 2315 841 2404 apoplexia
857 2319 1038 2407 correptis,
1063 2318 1118 2395 ΙΙ,
1151 2341 1201 2384 10.

503 2425 544 2490 ad
568 2423 685 2489 harum
708 2437 814 2489 utram
834 2426 990 2514 quasdam
1012 2425 1134 2494 referre
1153 2429 1321 2517 apoplecti·

547 2555 660 2600 corum
681 2535 887 2600 dissectiones
904 2558 968 2602 non
990 2547 1039 2605 est
1055 2536 1170 2614 sacile,
1196 2537 1276 2614 LX,
1291 2561 1319 2624 9.

415 2644 450 2710 in
463 2643 671 2745 apoplecticis
689 2643 918 2710 ossisrcationes
930 2667 1013 2732 saepe
1026 2645 1250 2724 observantur,
1265 2647 1321 2723 ΙΙΙ,

437 2773 511 2817 22.

324 2865 423 2954 Aquae
445 2859 620 2936 fluviales,
646 2883 686 2928 an
692 2823 853 2951 puteales
880 2863 944 2930 sint
963 2862 1184 2943 salubriores,
1213 2865 1320 2942 XLII,

372 2996 422 3058 ¹7·
446 2968 577 3047 LXVI,
602 2971 635 3049 4.

191 3101 195 3108 ’
322 3081 512 3172 Aquarum
503 3104 536 3146 m
564 3080 651 3146 varia
680 3082 824 3170 corporis
852 3103 929 3148 cava
948 3081 1125 3181 effusarum
1158 3107 1318 3162 examen,

366 3189 620 3268 1V,2.X,V1
641 3211 684 3266 2,
701 3192 749 3266 6,
775 3213 824 3256 ιο.
851 3191 935 3267 XX,
962 3193 1023 3270 26,
1046 3193 1113 3268 52,
1132 3195 1186 3280 47.
1206 3194 1318 3268 XXII,
1337 3269 1342 3282 ,

318 3373 321 3383 ,
369 3323 432 3376 ιο,
456 3301 505 3378 24.
527 3297 699 3376 XXXVI,
728 3295 769 3376 2,
792 3301 823 3372 8.
845 3299 1044 3378 XXXVIII,
1065 3303 1102 3378 6,
1121 3305 1162 3380 8,
1185 3326 1247 3381 22,
1267 3305 1315 3381 54.

366 3408 465 3484 XLI,
490 3409 522 3485 4.
550 3405 684 3484 XLIII,
714 3407 763 3472 16.
1040 3431 1043 3438 ·

386 3567 390 3574 .
410 3515 451 3582 ad
475 3515 552 3602 quid
573 3517 651 3584 utile
669 3539 738 3585 esse
757 3519 886 3606 possit,
916 3519 1121 3598 XXXVIII,
1146 3546 1189 3608 7,
1214 3523 1246 3586 8.

408 3648 479 3713 quae
499 3621 632 3692 fallaciae
652 3619 740 3691 ineo
765 3627 925 3694 cavendae.
952 3628 1043 3695 lota.

407 3732 493 3798 unde
516 3734 580 3800 sint
617 3737 869 3814 concretiones,
902 3739 1065 3826 autquasi
1090 3739 1315 3818 membranula

451 3843 485 3910 in
507 3843 547 3910 iis
567 3844 656 3934 aquis
675 3867 758 3934 saepe
783 3859 950 3927 natantes,
975 3847 1068 3928 XX,
1094 3849 1147 3936 57.
