2828 4678
303 353 365 442 296
554 419 557 424 .
640 378 760 426 rann
789 375 968 430 nonrsan

477 486 680 578 respirationi
695 489 801 566 obsit,
817 512 857 556 an
874 511 938 557 non
952 491 1061 567 obsit,
1079 486 1148 559 alic
1159 493 1307 588 ‘aliopum

521 598 710 673 sententie,
736 597 838 676 XVI,
863 600 921 677 15,
946 602 999 676 16,

421 764 425 774 .
517 773 519 780 ,
565 695 704 794 quaruln
725 729 792 774 non
818 729 881 774 una
911 707 1095 776 conciliatio
1122 691 1307 798 quaeritur,

607 815 663 880 sed
684 816 855 882 incassum.
890 817 982 892 tcto.
1015 820 1080 884 16.'

546 979 548 986 ,
564 921 698 1012 quando
710 923 856 1007 obfuisse
867 923 989 992 credita
1008 939 1080 1006 est,
1097 943 1161 1015 qua
1181 928 1309 994 ratione

500 1061 503 1068 ·
609 1031 642 1097 id
660 1023 803 1120 poluerit
819 1057 915 1110 esse,
939 1036 1125 1122 conjicitur.
1151 1041 1170 1100 1
1174 1035 1245 1101 tid.

294 1137 487 1207 Pulmonum
510 1139 543 1206 in
566 1140 648 1206 Iacie
673 1143 851 1230 posteriore
872 1143 1008 1232 nigredo
1033 1145 1067 1212 in
1089 1141 1255 1234 plerisque
1284 1165 1303 1212 a
1397 1191 1400 1200 ·

339 1272 404 1338 quo
426 1248 503 1315 olins
523 1249 774 1328 animadversa,
799 1249 872 1329 IV,
900 1251 950 1318 ιδ.

384 1357 472 1424 unde
489 1359 539 1424 sit.
560 1357 651 1424 Ibid.
666 1341 781 1438 XIX,
805 1363 875 1438 let
895 1384 983 1451 seqq.
1080 1433 1083 1439 ,

384 1447 468 1534 oncle
487 1491 504 1533 a
525 1469 635 1570 mqltis
656 1467 803 1534 morbida
822 1467 988 1548 creditur,
1013 1466 1082 1546 tv,
1111 1471 1172 1548 15,
1194 1469 1251 1538 26.

297 1573 492 1644 Pulmonum
511 1577 631 1644 sinistri
651 1629 660 1654 ,
682 1577 845 1644 interdum
874 1577 941 1644 lobi
964 1579 1092 1646 duobus
1115 1579 1227 1668 plures
1244 1580 1302 1648 ln-

338 1687 454 1764 vcnti,
483 1707 567 1752 unus
597 1698 705 1778 autem
726 1685 879 1763 dexteri,
908 1687 994 1764 XX,
1016 1690 1056 1767 tn
1071 1735 1084 1764 ,
1115 1690 1171 1767 42.

301 1841 304 1848 -
351 1851 357 1886 ;
471 1793 565 1862 lohus
589 1776 644 1884 qni
662 1820 679 1862 a
697 1795 816 1862 dextris
827 1795 960 1864 ¹madius
980 1810 1053 1874 est,
1079 1797 1244 1866 intentum
1262 1797 1302 1865 ah

515 1917 588 1970 ortu
604 1907 711 1972 nullus
724 1905 871 1970 inventus
885 1931 894 1979 ;
911 1904 1012 1972 semel
1028 1907 1098 1996 jam
1120 1906 1178 1972 din
1196 1931 1302 1975 emor·

516 2024 615 2090 tuus,
641 2014 698 2090 X,
723 2038 772 2101 19.
801 2014 965 2091 th1,5.
1030 2065 1032 2072 .
1325 2003 1332 2022 ’

379 2135 540 2188 structura
557 2121 757 2190 manifestior
778 2123 862 2190 facta
871 2173 884 2208 ,
915 2123 1036 2202 XXII,
1063 2147 1114 2191 tn.

377 2232 563 2322 superficies
588 2232 753 2321 quomodo
781 2234 852 2300 alba
878 2257 1033 2323 apparere
1065 2234 1194 2325 possit,
1221 2257 1292 2300 cum

422 2343 577 2417 nonsit,
604 2341 715 2418 Xlll,
745 2343 776 2408 ὃ.

377 2473 514 2528 sensus,
538 2449 630 2526 XX¹
657 2451 698 2514 oo
724 2462 757 2516 et
780 2473 869 2538 seqq.

378 2581 419 2623 an
441 2582 495 2624 aer
525 2557 714 2647 sanguinem
736 2560 849 2628 subeat
869 2581 930 2648 per
951 2555 1142 2648 pulmones,
1171 2557 1219 2636 V,
1241 2583 1293 2648 27.

289 2662 459 2756 Pulmoncs
476 2665 667 2733 inllammati
686 2715 695 2744 ,
718 2667 882 2754 quomodo
897 2666 1023 2734 soleant
1039 2689 1215 2757 apparere,
1229 2669 1296 2746 Vl,

337 2757 670 2865 1'2,15.XX,21.

464 2885 535 2974 quis
560 2871 683 2974 primus
702 2883 821 2952 diserte
845 2882 877 2952 id
905 2880 1048 2964 dixerit,
1067 2885 1175 2966 XXI,
1196 2889 1260 2955 28.

379 3067 380 3070 Ἴ
460 2994 623 3087 quomodo
648 2995 694 3061 sic
710 2995 790 3062 stant
811 2995 967 3084 hepaticaa
989 2996 1176 3062 substantiae
1201 2995 1293 3064 simi-

332 3177 334 3181 ,
505 3102 562 3182 les.
593 3103 683 3168 tttat.
715 3126 776 3195 πο.
866 3181 872 3191 s

371 3209 442 3280 duri
463 3224 543 3301 quot
564 3213 668 3278 modis
693 3213 801 3292 liant,
826 3207 910 3288 XV,
942 3234 981 3299 17
1006 3225 1041 3279 et
1061 3237 1150 3302 seqq.
1176 3225 1211 3282 ct
1236 3216 1289 3294 24.

416 3320 524 3398 XXI,
556 3344 608 3402 oo,

280 3427 584 3523 Pulmonumnigrae
596 3429 732 3498 maculae
743 3427 776 3512 in
789 3429 1116 3528 quibusohservatae,
1135 3425 1286 3518 XXlI,9.
1409 3447 1410 3456 ’

368 3532 537 3608 tubercula
554 3539 633 3629 qnid
657 3541 691 3604 in
712 3539 835 3628 phthisi
858 3539 991 3606 indicet.
1018 3537 1127 3615 ibid,
1157 3541 1216 3618 18,
1236 3563 1285 3628 ¹9·

423 3664 427 3712 Γ
458 3671 556 3737 quam
578 3649 665 3714 varia
686 3649 886 3715 contineant.
912 3647 1002 3714 tttd.
1034 3669 1103 3734 ¹9·-

454 3755 619 3847 quomodo
644 3769 677 3822 ct
698 3781 756 3824 cur
778 3771 967 3848 augeantur.
992 3755 1083 3824 thid.

457 3867 568 3932 sintne
593 3865 670 3954 ipsae
697 3867 857 3956 glandule
878 3864 1084 3934 bronchiales
1103 3877 1290 3955 prosterno

493 3984 610 4040 ‘turam
626 3988 727 4045 aucta
750 3987 786 4066 et
805 3974 934 4043 vitiatse.
958 3972 1049 4039 lbid.
1079 3996 1133 4038 αι.
