2828 4678
311 503 373 570 992
644 508 761 552 tanux
786 508 1002 557 actardus„
1051 513 1055 522 '

487 614 544 700 qui
563 613 715 701 primus,
741 625 773 680 et
795 613 850 704 qui
873 625 983 701 postea
1007 612 1084 680 huic
1104 611 1317 680 sccundaesi·

532 719 625 788 miles
649 701 891 789 observationes
910 721 1082 788 ediderint.
1107 723 1200 788 Ibid.

397 829 563 919 quomodo
582 855 665 897 verae
679 833 776 898 etiam
789 830 998 921 pleuritides,
1019 844 1117 919 atquc
1132 832 1213 896 adeo
1224 832 1315 920 plcu·

445 941 677 1030 ripneumoniae
694 939 763 1006 lieri
781 964 799 1005 a
819 937 985 1006 lumbricis
1000 942 1134 1028 possint.
1148 939 1240 1004 Ibid.

489 1047 649 1138 ejusmodi
665 1049 851 1114 verminosae
875 1046 1205 1138 pleuripneumonicae
1223 1071 1319 1115 crtus¹

536 1158 693 1224 titutionis
718 1157 903 1246 descriptio.
923 1157 1012 1223 Ibid.
1040 1161 1083 1238 ts
1106 1173 1139 1224 ct
1159 1182 1250 1246 seqq.

491 1266 645 1354 quando,
669 1279 702 1332 et
723 1267 755 1332 in
784 1267 909 1355 quibus·
921 1267 1100 1355 pracsertim
1119 1266 1319 1343 cavendum,

529 1399 576 1440 vno
584 1373 743 1464 ejusmodi
757 1375 885 1450 morbi,
901 1399 976 1441 cum
991 1375 1099 1441 adbuc
1112 1376 1214 1464 spurii
1228 1387 1317 1449 sunt,

535 1506 595 1572 pro
612 1481 763 1574 legitimis
783 1485 993 1573 accipiantur.
1014 1483 1105 1549 Itid.
1126 1486 1182 1564 46.

314 1591 461 1663 Pleuritis
482 1617 560 1658 num
582 1585 618 1657 ist
637 1595 816 1682 plurimum
829 1595 871 1660 sit
894 1593 1073 1670 adextris,
1097 1615 1169 1659 raro
1191 1593 1321 1661 asinis-

358 1703 440 1779 tris‚
467 1701 628 1777 XX,65.
676 1758 679 1766 ,

401 1811 534 1877 morbus
558 1822 626 1876 erat
648 1812 726 1877 olim
750 1811 836 1900 apud
857 1811 976 1902 Anglos
997 1813 1207 1890 rarissimus,
1231 1835 1321 1879 nunc

448 1921 749 2008 frequentissimus,
775 1920 879 2000 XXI,
913 1945 966 1988 os.

309 2029 410 2100 Plinii
429 2029 582 2097 locus-ad
598 2031 827 2120 Hippocratem
844 2044 1013 2119 spectans,
1027 2032 1191 2120 quomodo
1211 2035 1322 2122 legen-

355 2142 437 2220 dus,
463 2140 658 2229 inquiritur,
677 2139 814 2218 XXVI,
841 2142 893 2206 25.

403 2254 496 2320 Iocus
509 2248 591 2316 alter
607 2249 646 2317 de
662 2247 887 2339 scorpionibus
903 2273 982 2316 num
998 2249 1212 2340 depravatus,
1228 2249 1323 2328 LIX,

452 2361 504 2426 et.
609 2402 612 2406 -
658 2386 660 2391 ·
828 2369 829 2372 ’

405 2471 485 2534 alter
501 2466 542 2533 dc
565 2467 742 2534 vermiculo
764 2469 797 2534 in
813 2469 920 2558 lingua
942 2491 1059 2536 canum
1070 2493 1130 2558 per
1149 2481 1323 2535 anatomen

450 2573 650 2653 illustratur,
668 2575 764 2652 Vlll,
785 2577 849 2654 55,
877 2579 929 2656 bd.

312 2685 410 2752 'Plinii
424 2683 555 2752 Minoris
565 2689 655 2752 locus
668 2685 708 2752 dc
720 2685 811 2752 clavo
821 2685 989 2755 insanabili
998 2709 1194 2775 perpenses,
1208 2685 1248 2762 L,
1262 2688 1317 2752 61.

317 2793 508 2863 Plutarchus
528 2819 587 2862 our
601 2794 752 2886 saepicule
772 2797 806 2862 in
829 2795 983 2866 Romanis
1005 2797 1103 2862 rebus
1120 2798 1162 2862 sit
1182 2796 1323 2864 halluci-

362 2917 478 2980 nasus,
507 2905 605 2981 nix,
633 2887 719 2992 59.¹
778 2887 781 2895 ’

317 3012 473 3104 Podogm.
499 3013 580 3092 Vici.
608 3013 770 3080 Arthritis.

402 3122 567 3212 pediluvio
585 3123 758 3198 accersita,
775 3145 879 3210 nequo
894 3121 1058 3190 interdum
1074 3123 1144 3188 sinc
1161 3123 1322 3199 utilitate,

443 3217 566 3308 Lvu,
596 3253 627 3319 9.

407 3338 448 3406 de
463 3321 604 3430 podagra
620 3339 723 3417 liber,
740 3347 894 3427 tanquam
910 3341 1025 3407 incerti
1043 3341 1211 3418 auctoris,
1229 3339 1324 3406 Pata-

420 3477 422 3487 *
454 3449 497 3514 vii
512 3449 643 3525 editus,
673 3450 767 3537 cujus
792 3451 843 3516 sit.
873 3448 964 3514 ltid.
986 3451 1017 3514 6.

318 3557 471 3654 Publius,
494 3559 546 3624 Jo.
574 3559 759 3648 Christopb.
780 3559 815 3625 P.
845 3559 1009 3626 Professor
1023 3557 1206 3646 ‚Lipsiensis
1225 3609 1235 3634 ‚
1255 3557 1326 3625 lau-

365 3667 482 3744 datus,
512 3667 714 3743 XXXVIII,
735 3671 765 3733 8.
791 3668 908 3744 XLll,
932 3671 985 3754 57.
1006 3665 1211 3742 XL111‚58.

235 3795 238 3802 ‘
321 3775 476 3854 Polenus,
493 3776 707 3843 Jozttarchto
723 3826 732 3854 ,
751 3777 785 3842 P.
808 3777 973 3846 Professor
985 3775 1184 3852 Palatinus,
1213 3775 1324 3846 lauda·

364 3897 427 3954 tus.
450 3885 575 3952 Praefat.
597 3885 638 3950 ad
654 3883 728 3950 libr.
753 3885 784 3952 5.

322 3993 436 4085 Polypi
457 3995 540 4064 nasi.
557 3993 649 4065 t‘ict.
666 3994 752 4066 Noai.
