2850 4676
300 463 362 514 212
636 463 752 510 annox
775 465 952 514 nouam

387 593 466 640 num
475 593 539 656 quo
551 571 815 660 pluressimul‚eo
825 577 972 664 pluribus
984 579 1046 646 sint
1059 583 1194 673 angulis.
1204 586 1225 653 I
1228 588 1292 656 bid.

388 681 615 768 aquibusnam
636 681 711 746 olim
734 705 774 747 ex
803 697 850 749 tot
872 689 977 754 stratis
1003 691 1218 764 circularibus
1240 700 1296 766 toti

434 790 595 877 compingi
618 790 680 854 sint
694 789 788 858 dieti.
816 791 907 860 Ibid.
939 819 990 861 22.

385 921 533 987 quaenam
548 899 611 963 sint
628 901 773 966 tamenin
781 925 818 966 ea
831 902 975 971 doctrina
990 909 1189 998 excipienda.
1203 914 1226 979 I
1228 915 1291 982 bid.

387 1007 517 1108 quinam
535 1007 566 1071 in
584 1008 775 1094 quibusdam
799 1011 898 1077 lineas
924 1015 1123 1102 observarint
1148 1023 1294 1090 radiatim

432 1116 471 1180 ab
496 1116 648 1180 ambitu'
640 1129 813 1184 introrsum
835 1121 1012 1190 tendentes.
1040 1125 1131 1192 Ibid.
1153 1143 1187 1196 et
1206 1155 1290 1221 seqq

386 1225 516 1313 quinam
532 1223 710 1312 pellucidos
731 1239 764 1292 et
781 1229 996 1342 splendidos
987 1239 1182 1304 invenerint.
1204 1241 1291 1308 Ibid.

435 1337 498 1414 18,
526 1337 577 1400 25.

388 1455 604 1510 concrescunt
629 1441 829 1531 aliquando
820 1470 854 1514 m
877 1447 1070 1537 glandulis
1061 1456 1160 1542 ipsius
1186 1461 1291 1548 oystis.

428 1551 448 1619 Ι
452 1550 519 1615 bad
547 1573 598 1615 21.

1402 1515 1403 1580 l

384 1662 495 1749 sicque
524 1661 761 1728 observationes
787 1664 935 1751 quaedam
958 1690 1071 1735 eorum
1098 1675 1294 1745 membranis
1402 1589 1403 1696 l

431 1769 657 1836 obvolutornm
675 1783 810 1858 possunt
825 1773 988 1862 explicari
1016 1777 1106 1846 Idid.

298 1872 443 1970 Cystioos
460 1877 600 1944 calculos
620 1879 752 1967 quinam
775 1881 881 1947 olim
873 1906 906 1948 m
923 1907 1004 1972 aqna
1026 1901 1138 1957 natare
1152 1891 1294 1962 tradide-
1402 1871 1403 1960 l

340 1993 415 2060 rint.
437 1988 528 2056 Ibid.
560 1991 611 2056 25.

384 2100 515 2189 quinam
528 2122 594 2167 non
609 2122 719 2166 omnes
735 2113 868 2181 natare,
887 2103 1184 2177 animadverterint.
1201 2111 1224 2176 Ι
1225 2112 1291 2188 bad.

376 2209 434 2298 jhae
448 2211 652 2302 exceptiones
665 2210 794 2278 difficile
810 2211 851 2278 ad
868 2226 955 2280 certa
973 2217 1077 2306 capita
1094 2235 1230 2308 possunt
1245 2248 1294 2288 re-

429 2319 515 2385 duci.
543 2317 633 2384 Ibid.

384 2427 426 2494 de
449 2428 553 2494 causis
566 2427 684 2493 harum
703 2428 891 2496 varietatum
911 2433 1062 2518 quaedam
1078 2438 1291 2529 attinguntur.

427 2536 519 2606 Ibid.

385 2647 457 2736 quis
474 2645 550 2711 olim
564 2643 809 2714 inllammabiles
830 2672 929 2776 psse,
912 2653 1113 2741 ,scripserit
1140 2657 1226 2724 lbid.
1241 2662 1290 2724 26.

386 2751 944 2844 quinamhaudomnesinllammari,
953 2760 1190 2856 admonuerint.
1201 2767 1289 2834 Ibid.

384 2887 454 2932 esse
468 2865 618 2930 morbum
633 2864 888 2946 haereditarium,
907 2894 984 2935 num
1001 2851 1085 2939 bene
1103 2899 1142 2941 ex
1157 2879 1292 2964 quadam

431 2975 652 3040 observatione
667 2976 838 3062 probatum
857 2979 907 3043 sit.
933 2977 1024 3046 ltin.
1050 3007 1102 3071 ¹9

298 3082 422 3175 Cystioi
438 3081 565 3162 calouli.
595 3081 661 3146 Cur
677 3081 792 3148 borum
806 3083 903 3172 aliqui
916 3110 974 3176 pro
989 3089 1224 3162 intestinalibus
1239 3120 1290 3164 ac

340 3193 425 3282 cepti
453 3191 552 3258 videri
577 3193 709 3278 possint.
736 3191 827 3260 Ibid
859 3196 910 3274 24.

1402 3519 1403 3584 l

383 3324 462 3374 num
486 3312 520 3366 et
542 3299 706 3387 quomodo
726 3302 765 3366 ab
791 3303 1025 3373 intestinalibus
1046 3307 1203 3402 distingui
1224 3339 1290 3406 pos-

428 3408 502 3477 sint.
522 3407 612 3474 Ibid.
634 3421 748 3498 etseq.
773 3415 875 3491 etdd.

384 3543 459 3591 cum
483 3519 629 3586 urinariis
654 3520 821 3606 quidem'
812 3546 845 3588 m
869 3525 965 3590 rebus
992 3529 1209 3617 quibusdam,
1238 3533 1288 3600 sed

428 3629 547 3696 nonin
572 3626 666 3704 aliis,
692 3631 897 3698 conveniunt.
921 3632 1013 3700 Ibid.

306 3811 310 3818 .
380 3761 451 3826 quae
468 3737 661 3801 detrimenta
676 3739 757 3825 eystr
771 3741 893 3826 possmt
905 3741 1029 3809 afferre
1046 3719 1145 3825 lbid,
1158 3773 1217 3829 20,
1237 3776 1285 3818 21.

380 3871 459 3914 num
492 3856 525 3909 et
558 3844 688 3934 quando
720 3847 877 3928 inducere
910 3851 1111 3941 apoplexiam
1153 3861 1283 3948 possint.

424 3952 541 4031 lV‚·5
