2828 4678
284 423 347 488 502
618 447 742 490 rnuux
769 445 955 490 uoursuu.

375 554 455 620 altor
482 552 685 643 longissimus
708 553 794 620 visus
816 554 861 619 sie
885 565 955 620 erat
976 553 1014 619 ah
1034 552 1144 619 innata
1169 569 1290 640 magna

417 663 595 752 hydatide,
620 661 704 739 LX,
736 665 767 728 o.
1093 739 1104 752 Κ

373 770 454 838 alter
476 796 549 838 cum
573 773 885 860 pelvibusduabus‚
916 771 1045 848 LXIV,
1065 794 1096 838 a.

375 883 470 947 ambo
500 881 600 970 pelvis
625 882 697 948 loco
728 883 930 972 spongiosam
952 882 1111 948 habentes
1136 881 1293 966 substan-

421 992 519 1068 tiam,
540 989 691 1068 XXVII,
713 995 769 1066 28,

376 1101 505 1166 alterius
534 1101 677 1166 morbosi
708 1123 855 1188 quaeuam
883 1099 1046 1166 structura
1075 1099 1290 1190 apparuerit,

420 1209 502 1288 XL,
531 1213 591 1288 18,
622 1234 672 1298 19·

376 1321 456 1388 ulter
486 1323 587 1387 altero
608 1309 731 1408 major,
757 1319 828 1396 IX,
854 1322 904 1389 18.
929 1319 1009 1395 XL,
1033 1343 1084 1386 12.

467 1430 536 1518 ejus
559 1424 611 1496 rei
628 1451 751 1506 cnusae,
775 1428 852 1507 XL,
876 1432 934 1509 14,
963 1431 1012 1495 15.

251 1556 269 1579 ²
378 1535 479 1604 altero
504 1541 537 1604 in
563 1563 621 1604 suo
645 1539 751 1604 officio
776 1551 946 1614 cessante,
972 1561 1050 1604 uum
1068 1540 1148 1604 alter
1162 1559 1295 1625 quoque

423 1671 551 1740 semper
574 1629 694 1725 cesset,
716 1647 799 1726 XL,
824 1650 873 1713 15.
892 1647 991 1724 XLI,
1019 1671 1048 1712 1.

290 1755 416 1824 Renum
430 1725 532 1848 ligura
545 1777 610 1825 non
624 1759 798 1824 satis'bene
814 1759 896 1824 asari
911 1757 987 1824 solio
1004 1757 1224 1832 assimilatur,
1243 1755 1293 1831 X,

338 1890 387 1954 19·
579 1935 593 1942 ,.

289 1975 417 2042 Renum
448 1977 586 2042 duorum
612 1979 711 2054 loco,
737 1953 820 2043 unirs
852 1976 1018 2051 inventus,
1043 1972 1163 2050 XXV,
1187 1977 1235 2052 4,
1259 1976 1291 2039 5.

334 2085 476 2164 XXXI,
509 2089 560 2152 25.
593 2086 676 2163 XL,
703 2085 941 2166 aLXLVIII,
976 2084 1025 2150 16.

379 2197 466 2263 unde
487 2210 567 2263 tunc
582 2195 822 2286 conjiciendum
840 2197 905 2274 sit,
922 2217 1000 2260 num
1014 2193 1095 2260 alter
1118 2217 1135 2256 a
1153 2193 1299 2281 primor-

427 2305 505 2385 diis,
521 2331 561 2373 au
574 2331 590 2372 11
602 2307 719 2376 morbo
734 2305 840 2380 desit,
863 2303 924 2371 XV
940 2353 947 2369 .
980 2306 1029 2382 14.

381 2417 453 2504 quis
474 2440 490 2481 a
515 2417 698 2504 primordiis
723 2413 853 2491 deesse,
876 2414 952 2480 olim
975 2411 1297 2482 adnotaverit.·lbid.

379 2537 582 2613 posterorum
599 2525 838 2592 observationes
860 2524 947 2590 unici
971 2524 1055 2592 renis
1079 2521 1247 2598 collectae,
1265 2522 1299 2588 in
1411 2571 1412 2574 ,

427 2639 542 2700 classes
554 2635 662 2700 divisae
677 2647 709 2700 et
725 2658 911 2724 perpensae,
931 2632 1070 2700 XLVIII
1088 2683 1098 2710 ,
1128 2633 1180 2698 16.

225 2821 229 2828 Ι
293 2741 527 2832 Respingerus‚
541 2744 592 2810 Jo.
605 2746 706 2818 Ilenr.
723 2744 869 2811 Medicus
886 2743 1097 2819 BasilcensiS,
1113 2741 1269 2808 laudatus
1286 2795 1298 2819 ‚

335 2853 540 2933 XXXVIII,
567 2857 627 2922 50.
655 2858 709 2944 59.

293 2933 549 3052 Respirationdm
562 2964 747 3031 laedentium
765 2987 936 3030 causarum
957 2963 1131 3030 divisiones
1149 2961 1301 3050 quaedem

335 3071 513 3140 secundum
526 3076 627 3141 varlas
640 3097 752 3140 earum
768 3075 860 3142 sedes
872 3125 882 3151 ,
896 3088 929 3140 et
943 3073 1057 3163 agendi
1073 3065 1199 3138 modes.
1216 3072 1298 3147 XV,

337 3183 377 3259 5,
400 3205 437 3267 17
455 3195 488 3247 et
501 3206 589 3270 seqq.

380 3313 438 3358 eur
460 3315 512 3357 eas
538 3315 649 3358 causas
666 3293 787 3359 medici
807 3291 895 3358 haud
915 3315 989 3358 raro
1007 3291 1144 3357 credant
1168 3313 1240 3356 csse
1264 3290 1298 3355 in

426 3400 577 3478 thorace,
599 3425 673 3467 cum
695 3405 757 3470 siut
774 3391 806 3468 in
823 3415 945 3468 ventre.
966 3400 1056 3466 ltin.
1086 3425 1136 3466 11.

291 3510 519 3599 Ilespirationis
543 3511 680 3578 difficilis
705 3523 803 3599 quarn
832 3512 996 3578 interdum
1019 3521 1148 3578 eausam
1176 3511 1213 3576 in·
1228 3509 1297 3596 qui·

334 3619 472 3686 busdam
491 3619 680 3686 mulieribus
698 3623 853 3711 suspicari
875 3622 1035 3710 possImus
1055 3673 1063 3698 ,
1081 3618 1198 3696 XLV,
1225 3620 1278 3696 24.

378 3752 508 3796 causam
525 3755 594 3796 esse
617 3731 811 3820 paralysim,
829 3734 917 3822 sig-na
936 3731 1084 3820 aliquot,
1106 3727 1189 3804 XV,
1217 3752 1247 3814 7.

468 3839 650 3928 glandulam
667 3863 752 3929 pone
766 3862 911 3932 asperam
926 3842 1078 3907 arteriam
1095 3849 1293 3916 tumentem,

513 3971 587 4015 cum
611 3950 765 4040 diagnosi.
784 3949 875 4021 rtid.
901 3953 939 4016 15
957 3963 990 4018 et
1014 3951 1063 4016 16.
