2850 4676
211 371 215 385 ·
268 345 331 410 216
604 366 723 410 rnnnx
752 365 930 411 norror!

264 515 268 522 .
352 483 465 537 centro
484 495 522 536 ex
540 485 632 560 parte
652 495 767 548 osseo,
792 472 910 549 LXX,
937 473 969 537 5.

265 581 520 669 Diaphragmatis
553 581 796 646 inflammationi
826 575 906 647 alias
932 591 1005 658 est,
1029 580 1190 654 aliaanon
1218 596 1264 650 ost

308 691 498 779 adjunctum
520 689 695 768 delirium,
720 691 781 758 VII
794 741 802 768 ,
832 694 881 784 tl.
908 691 1005 766 LIII,
1027 693 1063 756 6.

354 813 386 864 at
402 800 448 865 sIo
463 800 675 889 quoqueejus
694 799 818 866 vulireri
839 802 921 865 risus
938 799 1118 866 sardonius.
1142 799 1233 866 Ibid.

355 907 526 974 vulnerum
555 933 700 996 quaenam
735 910 897 976 interdum
920 933 986 974 non
1013 911 1078 976 sint
1102 909 1265 988 lethalia,

401 1013 498 1094 LIV,
527 1040 577 1082 ιι.
953 1046 959 1106 1

359 1129 516 1192 vulnerati
533 1110 640 1216 signa,
659 1126 774 1214 quibus
790 1149 891 1192 unum
906 1125 1056 1204 additur,
1070 1126 1166 1204 LIII,
1180 1130 1217 1206 4,
1233 1128 1261 1193 6.

358 1237 570 1302 conformatio
593 1249 625 1300 et
650 1237 727 1301 situs
753 1220 954 1314 ostendunt,
981 1237 1076 1303 simul
1104 1261 1182 1303 oum
1202 1239 1268 1326 ipso

403 1347 521 1412 ventris
538 1347 659 1412 viscera
676 1367 761 1436 saepe
789 1347 972 1426 vulnerari,
993 1349 1074 1412 etin
1096 1347 1213 1434 quibus
1225 1346 1241 1412 I
1253 1384 1268 1395 -

343 1441 346 1446 .
405 1457 522 1532 cilius,
548 1455 645 1530 LIII,
673 1457 728 1534 [μ.
1088 1479 1104 1510 ο

358 1565 536 1652 eademque
560 1565 759 1643 ostendunt,
784 1589 845 1632 cur
861 1565 954 1631 effnsi
975 1565 1129 1630 humores
1145 1561 1272 1630 difficile

404 1689 518 1742 exeant
540 1697 598 1764 per
620 1679 750 1742 vulnera
767 1675 907 1740 thoracis
924 1677 1108 1752 anteriora,
1137 1676 1200 1740 nisi
1217 1673 1272 1740 ad-

402 1785 491 1873 juvet
514 1785 706 1874 inspiratio,
732 1784 830 1861 LIV,
857 1809 906 1848 ιι.

359 1896 550 1984 quomodo,
584 1907 616 1976 et
650 1895 768 1981 quibus
790 1895 911 1959 viribus
928 1913 999 1982 per·
1023 1892 1273 1982 diaphragmatis

356 2079 358 2084 s
404 2006 561 2079 vulnera,
581 2015 715 2091 aut.per
736 2002 814 2068 alias
837 2004 869 2068 ln
893 2025 932 2068 eo
952 2003 1017 2066 vias
1039 2023 1271 2087 nonnunquam

406 2112 510 2200 aliqua
530 2113 649 2178 ventris
677 2115 798 2177 viscera
824 2113 908 2177 intra
931 2110 1099 2176 thoracem
1118 2110 1273 2178 ascende-

301 2207 304 2212 ’
402 2223 477 2286 rint.
501 2221 593 2288 loto.
617 2233 649 2286 ot
669 2243 758 2308 seqq.

271 2330 531 2408 bizanteorum,
548 2353 723 2420 earumque
744 2329 919 2396 effectuum
938 2315 1061 2405 cause,
1082 2325 1219 2403 XXXI,
1239 2327 1269 2391 8.

363 2463 554 2528 aquosarum
576 2439 755 2529 praesertim
774 2438 862 2504 unde
879 2438 996 2526 copia,
1022 2451 1055 2503 et
1075 2437 1206 2525 pessimi
1227 2434 1273 2502 ef-

403 2549 504 2614 feetus
524 2549 606 2624 sint,
632 2538 748 2614 XXXI
764 2565 776 2624 ,’
799 2549 818 2611 8
836 2559 868 2612 et
893 2569 980 2634 seqq.

346 2657 471 2723 harum
496 2657 589 2722 unius
603 2655 745 2722 historia.
772 2655 863 2721 Ibid.
887 2679 937 2742 9,
969 2677 1019 2720 ro.

402 2766 612 2843 eorumdem,
638 2767 696 2831 sub
721 2765 915 2854 dysenteriae
936 2763 1097 2838 nomiae,
1119 2761 1272 2827 constitu-

400 2875 444 2941 tio
457 2898 520 2952 nna
537 2876 714 2964 eademque
730 2874 823 2940 aliter
843 2898 860 2962 a
878 2871 1124 2961 Sydenhamio,
1140 2893 1267 2958 quama

403 2979 562 3060 Willisio‚
585 2985 757 3072 Proposita.
781 2982 871 3048 [bid.
903 3006 952 3049 ιι.
1105 2971 1108 2978 ’

355 3093 388 3156 in
410 3115 472 3157 una
489 3093 647 3182 ejusmodi
664 3093 897 3160 diarrhoearum
913 3090 1003 3156 nulla
1020 3088 1156 3158 omnino
1169 3087 1266 3154 intes-

401 3200 543 3268 tinorum
561 3203 734 3291 conspicua
754 3203 851 3267 laesio.
872 3200 964 3266 loto.
990 3213 1046 3264 tn.
1094 3266 1098 3273 ,
1139 3195 1145 3200 ”

172 3368 174 3372 ,
268 3307 478 3374 Difficultates
492 3310 721 3376 nonnullorum
743 3312 829 3376 circa
846 3309 993 3398 quaedam
1009 3311 1043 3373 in
1062 3305 1264 3381 adversariis,

310 3418 554 3507 autlnepistolis
566 3421 753 3487 anatomicis
770 3421 885 3495 citata,
902 3417 1072 3484 solvuntur
1082 3466 1092 3498 ,
1105 3413 1263 3489 XXVIII,

314 3527 364 3590 16.

246 3630 440 3713 ¹Dillonius,
458 3633 538 3702 Phil.
563 3633 681 3701 Eberh.
706 3659 745 3702 ox
767 3635 884 3702 Caesar.
907 3633 1010 3702 Anao.
1035 3633 1074 3702 IV·
1095 3632 1135 3705 G.
1156 3630 1264 3696 lauda»

308 3753 376 3816 tus,
402 3742 506 3818 VIII,
526 3745 580 3820 δι.
959 3745 1076 3806 ,ἶνιν

260 3847 392 3918 Dionisii
405 3841 570 3942 prodictio
581 3851 729 3941 quaedam
742 3851 821 3924 num
834 3874 961 3946 semper
977 3863 1066 3924 carta
1076 3899 1086 3930 ‚
1096 3848 1185 3924 XLV
1188 3849 1255 3926 Ll-
