2828 4678
300 375 362 462 276
633 394 756 438 rnonx
786 393 965 437 nonrsun

386 502 482 567 etiam
510 499 593 566 ossei
617 499 694 564 sacti
710 499 893 588 exemplum
914 499 982 564 sine
994 497 1229 587 impedimento
1245 494 1295 562 de-

431 607 618 698 glutitionis.
638 605 658 672 I
662 607 729 671 bid.

299 698 416 766 Oleum
439 695 644 786 amygdalam
660 694 746 762 dulc.
780 697 812 764 io
841 696 1110 785 peripneumonia
1137 693 1298 760 interdum

324 799 705 881 'noxiurn‚XXI,26,
729 805 783 882 44.

300 913 478 980 Olfaoiendi
497 913 542 978 vis
559 925 694 999 utraque
714 911 747 977 in
764 935 840 976 nare
857 910 945 976 haud
957 933 1048 998 aeque
1064 912 1201 1000 rigentis
1213 934 1298 998 quae·

343 1023 455 1087 dama
479 1019 660 1109 primordiis
684 1043 788 1085 causae
812 1018 1065 1115 animadrersae‚
1088 1017 1192 1088 XIV.
1225 1019 1273 1083 16.

300 1130 474 1198 Omentum
510 1152 567 1194 cur
599 1130 631 1194 in
667 1129 803 1194 ascitiois
845 1125 1038 1215 plerumque
1080 1139 1299 1216 corruptum,

342 1238 540 1312 XXXVIII,
567 1239 619 1303 56.

387 1345 578 1436 quibusdam
613 1344 749 1432 gravidis
779 1345 811 1410 in
839 1355 1002 1435 tumorem
1029 1343 1208 1421 contrahi,
1234 1344 1300 1432 quis

433 1466 507 1519 ante
530 1453 731 1542 Ruyschium
754 1452 957 1518 indicaverit.
982 1451 1004 1517 I
1007 1453 1074 1518 bid.
1095 1453 1148 1532 46.

391 1577 536 1629 tumores
555 1564 675 1628 omenti
691 1563 854 1649 quomodo
872 1561 1056 1640 interdum,
1075 1563 1200 1650 pressi,
1219 1561 1303 1630 dolo·

434 1697 502 1737 rem
527 1673 692 1746 excitent,
721 1671 907 1750 XXXIX,
942 1673 994 1736 25.

300 1779 515 1871 Ophthalmiae
540 1803 642 1846 causae
667 1765 830 1846 interdum
858 1803 917 1868 pro
940 1779 1109 1848 effectibus
1131 1803 1301 1870 perperam

345 1888 571 1976 accipiuntur,
596 1887 702 1964 XIII,
730 1911 796 1964 21,
825 1890 877 1954 25.

388 1997 578 2086 gravissimae
605 1998 787 2083 exemplum
817 1997 855 2060 ab
874 1996 1124 2062 adhaerente'ad
1148 2020 1299 2064 corneam

432 2127 550 2187 muscae
573 2103 622 2168 aia
639 2105 690 2169 vix
713 2103 844 2169 tandem
866 2105 1097 2172 animadversa.
1114 2105 1231 2173 ibid..
1247 2109 1295 2172 25.

388 2213 427 2278 de
455 2212 648 2300 quibusdam
674 2210 716 2277 ad
736 2212 971 2304 ophthalmiam
996 2215 1174 2282 curandam
1195 2206 1305 2282 arcenss

405 2408 406 2414 ἵ
432 2320 572 2410 dansque
593 2321 816 2387 attinentibus.
845 2322 934 2388 thid.
957 2326 1009 2402 24.

384 2429 528 2518 podagra
548 2432 791 2518 superveniente
816 2443 955 2508 curata,
981 2430 1098 2509 LVII,
1126 2455 1158 2518 9.

298 2533 373 2624 Opii
405 2536 510 2620 major
540 2536 625 2600 dosis
657 2560 886 2626 nonnunquam
914 2539 1023 2617 nihil,
1060 2563 1296 2628 nonnunquam

343 2645 540 2711 contrarium
564 2644 712 2712 efficitao
739 2649 898 2722 minima,
926 2647 1032 2726 VIII,
1063 2651 1093 2714 5.

383 2766 499 2819 cautus
521 2777 595 2818 usus
621 2755 705 2820 utilis
729 2757 880 2824 adversus
912 2757 1067 2845 quasdam
1100 2757 1295 2848 epilepsias,

320 2883 321 2888 ’
433 2861 509 2937 ΙΧ,
534 2862 579 2939 6,
606 2887 635 2948 7.

475 2969 624 3037 adversus
640 2972 815 3058 quamdam
830 2975 983 3061 pulsuum
997 2975 1164 3042 raritatem
1176 2990 1210 3042 et
1222 2978 1297 3042 inae—

506 3080 717 3165 qualitatem,
747 3080 835 3147 Ibid.
1276 3091 1277 3094 ’

474 3183 624 3254 advorsus
654 3189 833 3276 periodicas
852 3193 1051 3279 paroxismos
1082 3192 1295 3282 hystericos,

520 3296 628 3374 XLV,
658 3321 695 3384 17
715 3312 747 3363 et
764 3323 851 3386 seqq.
1125 3373 1137 3386 ι

290 3400 415 3490 ,Ορίιιω
436 3425 532 3489 quom
540 3404 602 3469 odo
624 3429 739 3495 augere
754 3407 977 3496 orthopnoeam
993 3410 1169 3497 quamdam
1184 3424 1293 3500 potue·

341 3511 410 3588 rit,
435 3510 518 3588 XV,
546 3539 574 3599 7.

296 3618 351 3684 Os.
377 3620 457 3683 Vici.
478 3621 618 3687 Frontis.
641 3623 793 3710 Hyoides.
823 3623 1035 3713 Sphenoides.
1059 3625 1267 3718 Temporirm.
1356 3691 1359 3698 .

295 3729 372 3796 Ossa
400 3728 506 3810 mollia
534 3730 619 3796 facta
651 3733 705 3819 qui
734 3734 829 3822 primi
842 3734 1089 3819 ,observaverint
1109 3749 1142 3802 et
1170 3759 1291 3804 curave·

339 3839 429 3916 rint,
450 3837 554 3908 LVIII
566 3889 582 3914 ,
608 3839 639 3904 6.
