2850 4676
207 399 213 412 ·
308 386 370 464 ²48
639 403 753 455 rrtnx
781 407 965 456 nontran-
1046 405 1051 414 ’

394 510 547 582 eadamin
558 515 698 604 quodam
716 516 1094 608 foetujsursueretraota
1108 567 1118 594 ,
1134 515 1312 593 XXXIX,

445 625 498 688 280

1407 595 1409 684 i

326 777 329 782 -
394 752 434 795 ex
464 729 577 796 iisdem
610 733 809 800 coacervatis
835 734 868 798 in
901 755 1055 822 magnum
1079 735 1214 822 globum
1249 735 1313 799 rari
1405 732 1406 742 ’

443 839 611 925 cujusdam
621 842 757 936 tonsoris
770 842 960 908 observatio.
971 841 992 907 I
995 841 1062 907 tid.
1079 865 1116 908 nr
1132 891 1142 920 ,
1160 845 1200 908 ab
1211 855 1311 928 etnq.

397 946 482 1014 unde
500 949 533 1012 in
548 962 712 1036 posterum
726 949 871 1041 dignosci
889 964 1006 1040 queat,
1026 952 1119 1042 signa
1136 954 1314 1040 inquirun-

349 1093 354 1103 ·
442 1067 504 1120 tur.
520 1056 611 1122 Ibid.
642 1061 694 1126 28.
733 1097 735 1102 ·

398 1177 430 1230 et
454 1187 566 1230 consae.
591 1166 682 1232 Ibid.
709 1168 763 1232 51.

312 1271 539 1340 intestinorum
563 1287 701 1340 exteruae
724 1275 818 1342 faciei
833 1274 998 1364 quomodo
1014 1274 1180 1342 adhaerens
1199 1275 1257 1341 iao
1269 1275 1315 1340 vi·

356 1383 423 1450 deri
438 1384 579 1471 potuerit
596 1431 605 1458 ‚
626 1381 651 1448 L
667 1433 683 1460 ‚.
699 1385 751 1450 58.

400 1489 491 1558 color
503 1491 557 1557 hio
570 1490 635 1558 illie
650 1515 689 1558 ex
701 1493 801 1558 rubro
816 1493 932 1558 lividus
948 1493 1109 1559 interdum
1126 1491 1196 1558 iieri
1209 1503 1318 1582 potest

445 1613 518 1690 post
539 1614 701 1678 mortem,
725 1601 829 1690 XIX,
858 1606 908 1667 18.

491 1712 601 1799 itaque
626 1699 828 1787 videndum,
859 1723 891 1776 et
911 1709 1093 1799 quomodo,
1114 1733 1156 1775 ne
1177 1709 1318 1798 decipiat

535 1822 642 1909 speeie
669 1842 851 1910 praegressae
869 1819 1143 1886 inflammationis.
1168 1818 1263 1884 Ibid.

400 1928 611 1996 inflammatio
630 1951 689 1994 eur
704 1953 787 2018 saepe
805 1952 897 1994 usum
914 1951 1106 2018 magnorum
1124 1927 1316 1993 auxiliorum

448 2051 633 2127 suspectum
657 2037 775 2116 faeiat,
796 2038 949 2115 XXXV,
973 2041 992 2104 5
1013 2052 1049 2104 et·
1067 2061 1155 2126 seqq.
1186 2071 1191 2098 t

285 2205 289 2226 ,
402 2171 441 2213 an
460 2171 528 2212 esse
549 2147 656 2235 possit
671 2149 740 2213 sine
764 2147 871 2222 febri,
897 2159 929 2213 et
947 2147 1087 2222 dolore,
1112 2158 1144 2210 et
1152 2148 1316 2234 ⁴plerisque

402 2255 470 2322 aliis
488 2255 684 2344 pervulgatis
707 2255 817 2344 signis.
845 2255 936 2322 idid.
959 2278 1001 2322 eo
1017 2268 1050 2322 ot
1076 2277 1165 2342 seqq.

405 2366 591 2432 absentibus
611 2365 661 2432 his
687 2365 809 2455 signis,
832 2365 1009 2452 quibusex'
1031 2364 1160 2453 indieiis
1186 2365 1228 2430 sit
1239 2387 1311 2430 cou-

447 2475 599 2562 jicienda.
627 2474 717 2540 loto.
741 2498 778 2540 or
802 2486 834 2540 et
849 2497 937 2562 seqq.
1003 2557 1006 2566 ι

315 2582 476 2666 intestinis
491 2582 733 2650 nullafortasse
754 2605 829 2671 pars
852 2582 1038 2652 faciliusne
1063 2582 1160 2650 citius
1180 2579 1218 2648 [it
1237 2573 1331 2671 gan-⁶

359 2714 525 2780 graenosa,
553 2691 709 2768 XXXV,
736 2693 766 2756 5.

405 2824 445 2868 an
465 2801 615 2868 accidere
630 2799 663 2866 id
683 2802 784 2889 possit
798 2802 884 2866 nulla
909 2802 1022 2888 praevia
1043 2799 1315 2875 inflammatidne,

448 2924 503 2976 aut
527 2911 624 3000 hujus
647 2909 761 2977 saltem
787 2910 956 2999 praecipuis
978 2910 1087 2999 signis.
1106 2909 1199 2976 ittet.
1225 2933 1263 2998 ¹9
1287 2921 1317 2975 et

449 3043 538 3107 seuu-
603 3087 606 3104 .
1005 3002 1007 3007 ’

402 3128 518 3216 quihus
536 3151 575 3192 ex
598 3127 725 3194 indiciis
741 3127 783 3193 sit
805 3139 885 3209 tune
909 3125 1141 3216 conjicienda.
1156 3125 1249 3191 lton.
1276 3148 1312 3194 at

448 3247 480 3298 et
497 3258 584 3322 seqq.

400 3356 506 3432 potest
522 3343 693 3432 spbaoolus
706 3327 938 3432 nonuunquarn
951 3367 1042 3422 osse,
1062 3355 1247 3412 nontamen
1263 3343 1316 3410 do·

446 3451 496 3516 lor
508 3476 658 3528 cessare,
678 3466 711 3518 et
728 3476 796 3518 our.
817 3452 908 3520 Ibid.
934 3455 986 3520 25.

316 3561 543 3646 intestinorum
560 3561 671 3628 dolore
688 3563 892 3638 remittente,
910 3575 966 3628 aut
984 3562 1116 3628 absente
1132 3613 1140 3638 ,
1159 3575 1316 3649 quantum

359 3677 591 3758 nonnunquam
605 3670 741 3758 periculi
749 3672 863 3747 subsit,
875 3671 1017 3746 XXXV,
1028 3673 1105 3738 rdet
1115 3695 1202 3759 seqq.
1216 3685 1249 3738 et
1262 3673 1311 3736 25.

344 3859 349 3868 .
402 3804 476 3844 cum
493 3778 585 3846 dolor
600 3778 708 3853 adest,
722 3779 800 3866 quid
819 3781 1047 3867 inquirendum
1059 3779 1240 3856 ,XXXIV
1263 3782 1310 3845 rfi.

402 3889 435 3954 in
452 3888 603 3952 tenuibus
617 3889 794 3964 ‚intestinis
805 3889 866 3964 sit,
885 3913 925 3958 an
948 3890 982 3956 in
1011 3890 1124 3958 crassis
1144 3912 1202 3954 our
1222 3887 1315 3954 facile

448 3995 590 4085 dignosci
613 4010 763 4086 nequent.
783 3997 874 4064 ibid.
905 4021 921 4064 2
942 3997 1233 4090 etseqq.XL111,
1259 4019 1308 4062 aa.
