2850 4676
388 395 435 438 nr
465 370 591 436 222222
622 389 892 436 perurimur.
1104 373 1168 436 225

202 557 204 562 .
256 500 420 588 quomodo
437 502 543 588 ipsum
560 509 712 588 sopor‘osa
725 497 1096 589 affectiosequatur,X,
1117 501 1171 564 18:

304 609 368 686 LI,
427 612 459 674 8.

166 715 304 795 Delius,
325 613 424 794 Hean
452 718 539 788 Frid.
564 743 604 784 ex
631 717 710 784 Caes.
737 718 775 785 N.
803 719 839 783 C.
865 719 964 786 Aead.
992 713 1172 796 laudatus,

213 827 604 906 xlv‚58.xxlx‚5.
916 849 917 855 ¹
962 823 963 826 ’

168 936 276 1004 Dente
288 937 422 1015 evulso,
447 962 505 1004 eur
521 938 648 1026 sanguis
674 961 909 1026 nonnunquam
929 938 1090 1005 difficilius
1113 941 1173 1006 sis-

215 1059 325 1124 tatur,
350 1045 452 1124 XIV,
484 1048 534 1111 25.
575 1101 577 1104 .

170 1151 325 1218 Dentium
342 1150 444 1216 dolor.
472 1151 520 1216 De
537 1149 608 1238 ejus
632 1151 781 1223 remediis
802 1152 962 1240 quaedam.
987 1155 1092 1232 XIV,
1115 1156 1168 1220 51.

260 1260 452 1326 caninorum
465 1259 563 1324 editio
578 1259 762 1346 perleulosn
781 1311 789 1334 .
816 1261 890 1338 IX,
907 1263 939 1341 4.

260 1370 328 1437 sine
353 1369 503 1468 dentibus
525 1369 607 1436 senis
636 1369 774 1438 musculi
799 1370 992 1459 temporales
1018 1373 1173 1460 strigosi,

169 1588 315 1658 Dentitio
337 1587 477 1654 difficilis
496 1589 746 1663 convulsiones‚
776 1601 808 1654 et
832 1588 1028 1655 diarrhoeam
1049 1603 1174 1668 movet,

217 1698 310 1785 cujus
325 1697 504 1786 suppressio
521 1695 723 1786 periculose,
744 1698 862 1764 XXXI
879 1749 888 1776 ,
925 1701 957 1764 6.

172 1807 443 1895 Dethnrdingius,
458 1806 575 1895 Georg.
592 1806 718 1894 pridem
732 1807 766 1873 P.
788 1796 873 1872 Prol.
893 1807 990 1874 Hafa.
1009 1806 1176 1885 laudatus,
1313 1843 1315 1848 v

218 1917 322 1994 XIII,
343 1918 394 1996 24.
417 1915 536 1992 XXII,
558 1917 608 1981 26.
633 1916 755 1992 XLII,
782 1920 833 1983 25.
856 1917 958 1993 LIX,
990 1941 1040 1982 22.

265 2027 334 2115 ejus
349 2027 504 2092 sententia
519 2008 789 2093 2122222222222222
803 2027 1061 2103 submersorum,
1074 2039 1106 2091 et
1115 2049 1180 2091 me·

310 2135 428 2200 thodus
441 2135 491 2200 his
504 2135 713 2200 subveniendi
730 2136 987 2225 perpenduntur.
1008 2135 1111 2212 XIX,
1122 2137 1175 2214 44.

175 2244 403 2321 Derhleeiius,
427 2244 558 2321 Petrus,
578 2244 751 2321 laudatus,
774 2245 872 2324 LVI,
898 2269 949 2333 29.

175 2357 311 2424 Diabete
326 2355 541 2426 erlidetorum
557 2377 669 2443 peueae
688 2354 896 2438 dissentiones
912 2367 1059 2432 exstant,
1078 2353 1154 2420 XLI
1168 2401 1178 2431 ,

229 2467 278 2533 15.
546 2471 549 2478 “

269 2576 317 2641 De
335 2597 374 2639 eo
387 2573 555 2662 quaedam,
573 2571 668 2648 ltin,
689 2586 722 2640 et
743 2576 793 2654 24.

269 2685 334 2764 Qui
345 2669 395 2748 ‘ad
411 2707 486 2752 eum
503 2681 728 2770 explicandum
752 2682 802 2749 vel
826 2685 902 2752 olim
921 2683 962 2748 nd
982 2705 1088 2750 aerem
1108 2701 1186 2749 eon·
1300 2753 1303 2760 ,

222 2775 226 2780 .
315 2792 469 2880 fugerint.
489 2791 580 2881 llis.
610 2793 683 2857 15.-

181 2904 349 2993 Diuguosis
379 2901 550 2974 difficultas
575 2902 751 2992 presertim
775 2901 808 2968 in
832 2925 869 2966 ea
890 2902 1033 2990 eorporis
1057 2901 1188 2989 regione

228 3013 284 3078 ubi
300 3010 392 3100 plura
411 3023 485 3076 sunt
508 3011 652 3088 viscera,
676 3010 766 3085 XX,
794 3012 848 3079 51.

183 3121 399 3210 Diuphrugma
428 3119 575 3207 pluribus¹
598 3119 810 3185 foraminibus
842 3142 902 3206 pro
932 3118 1188 3184 transmittendis

230 3231 318 3297 venis
340 3229 515 3306 duntaxat,
541 3229 704 3296 interdum
716 3241 904 3316 pertusum,
918 3225 970 3306 V,
994 3229 1014 3292 6
1030 3278 1040 3312 ,¹
1057 3251 1087 3314 9.
1108 3227 1168 3293 LX
1185 3275 1194 3304 ,

232 3341 263 3408 d.
283 3338 410 3414 LXIV,
435 3361 463 3402 2.
484 3337 627 3413 LXVII,
650 3341 699 3418 24.
724 3337 837 3416 LXX,
868 3359 918 3402 1o.

274 3449 431 3516 foramine
459 3471 518 3536 pro
547 3451 618 3532 gula
640 3447 743 3516 multo
770 3447 911 3513 breviori
928 3447 952 3536 ‚l
972 3459 1027 3512 aut
1054 3431 1198 3532 longiori

277 3585 374 3651 quum
391 3564 492 3627 soleat
508 3612 516 3635 ‚
533 3563 586 3637 X,
611 3586 660 3649 19.
690 3561 835 3628 XXVIII
853 3613 861 3637 ,
893 3562 941 3625 26.

279 3671 511 3760 appendicibus
533 3693 593 3760 per
614 3671 780 3737 tendinem
810 3683 1026 3736 transversum
1046 3669 1198 3756 junctis,

326 3794 363 3846 ut
384 3795 473 3852 torta
492 3803 557 3847 nun
576 3805 634 3870 per
645 3781 871 3848 semiferumen
887 3830 896 3857 ,
912 3777 967 3845 sed
982 3802 1041 3870 per
1060 3778 1206 3843 foramen

327 3892 505 3970 transiret,
528 3882 664 3966 XVIII,
684 3904 721 3958 ’2.
