2850 4676
670 449 785 496 111111111
818 449 991 497 nomn!

506 557 576 643 quis
592 555 743 644 ‘prImus,
769 559 871 646 etqui
889 558 1043 648 deinceps
1060 558 1120 624 alia
1143 561 1312 628 ohservare

552 665 642 739 rint,
669 665 738 742 ΙΙΙ,
762 688 813 730 21.

508 785 688 860 quatenus,
710 786 743 837 et
759 773 889 860 quando
916 775 980 840 siut
1000 777 1113 852 noxia,
1137 775 1209 853 ΙΙΙ,
1239 799 1276 842 21
1295 787 1323 842 et

551 901 637 968 seqq.
663 879 784 956 XXV,
813 885 843 946 8.

506 1011 583 1054 num
600 987 674 1054 iude
691 987 821 1074 quidem
844 1011 884 1056 ex
900 987 989 1054 falcis
1006 1003 1038 1055 et
1059 990 1148 1056 durae
1167 991 1320 1080 meningis

550 1097 662 1162 usibus
680 1099 803 1185 possint
822 1096 1005 1164 indubium
1021 1101 1139 1165 vocari.
1158 1099 1249 1167 Ittd.

416 1205 528 1272 duram
544 1206 727 1294 meningem
745 1255 753 1281 ,
775 1229 849 1273 cum
871 1229 951 1293 opus
972 1219 1055 1272 esset
1072 1256 1082 1284 ,
1097 1208 1240 1274 incidere
1255 1189 1319 1296 qui-

461 1337 535 1380 nam
556 1313 631 1380 olim
649 1338 688 1379 ex
705 1313 792 1380 Italis
816 1317 1052 1402 praeceperint,
1072 1315 1155 1394 LII,
1187 1341 1235 1382 12.

415 1425 546 1490 meninx
564 1425 615 1511 pic
632 1445 690 1490 cur
708 1423 747 1488 ab
769 1446 807 1488 ec
824 1436 950 1489 tantum
963 1423 1088 1501 latere,
1110 1440 1246 1513 aquoet
1258 1423 1320 1514 pul-

460 1555 514 1598 mo
538 1531 733 1600 inssammeta
756 1545 883 1620 reperta
901 1534 965 1609 sit,
990 1527 1074 1609 VII,
1101 1558 1151 1599 12.

416 1640 474 1706 sub
491 1640 553 1706 hec
570 1691 578 1716 ,
604 1663 685 1728 aqua
697 1639 797 1704 fluida
814 1663 873 1705 cur
890 1639 1036 1729 gelatinae
1052 1629 1155 1708 instar
1171 1667 1253 1732 saepe
1268 1667 1320 1734 ap-

461 1748 694 1838 pareat,Vl,
726 1771 788 1823 ln,
824 1749 873 1814 15.
897 1747 983 1825 VII,
1016 1774 1065 1815 11.

415 1859 486 1946 quis
498 1857 573 1924 olim
586 1857 669 1924 hanc
686 1859 825 1946 speciem
841 1872 1022 1946 suspectam
1035 1860 1166 1938 fecerit,
1181 1861 1245 1938 Vl,
1269 1863 1314 1926 15.
1341 1875 1344 1884 ’

327 1966 460 2046 ,06τώτί
476 1968 578 2056 figura
600 1992 665 2034 non
682 1967 862 2044 naturalis,
881 1968 937 2046 Χ,
958 1992 989 2056 q.

416 2077 596 2165 superficiei
612 2077 776 2142 anterioris
791 2075 961 2165 peculiaris
982 2077 1130 2164 quaedam
1144 2079 1317 2145 conforma-

461 2185 627 2262 ti0,LII,
655 2187 685 2250 5.
734 2183 738 2190 ’
863 2248 871 2282 ,
1074 2263 1075 2266 Ἴ

328 2294 527 2372 Cerehrum,
545 2294 585 2359 ad
596 2297 793 2370 naturalem,
811 2295 952 2384 itemque
967 2295 1012 2360 cd
1029 2297 1223 2362 contrariam
1236 2319 1317 2362 cons-

369 2405 552 2470 titutionem
575 2403 644 2489 ejus
661 2403 761 2490 probe
787 2403 1068 2493 cognoscendam,
1097 2403 1130 2472 in
1152 2429 1209 2470 sua
1226 2404 1314 2478 sede,
1398 2469 1399 2474 ,

306 2549 310 2562 ·
370 2512 510 2579 necdum
526 2524 691 2597 amputato
707 2512 834 2600 capite,
854 2513 1029 2578 secandum
1046 2526 1114 2589 est,
1136 2513 1206 2591 IV,
1226 2538 1274 2602 ¹9·

328 2620 601 2689 Cerebridurities
614 2620 647 2684 in
663 2618 767 2692 stultis
780 2619 1020 2696 animadversa,
1037 2621 1136 2699 VIII,
1153 2645 1169 2687 2
1186 2635 1219 2689 et
1234 2646 1312 2711 seqq.

375 2733 437 2810 14,
469 2753 518 2815 17.
542 2725 638 2805 LXI,
663 2731 694 2794 8.

412 2838 589 2928 praesertim
610 2861 686 2904 vero
700 2839 776 2936 ejus
792 2835 978 2905 medullaris
992 2837 1198 2916 substantie,
1213 2840 1287 2910 VIII
1306 2887 1313 2916 ,

464 2948 512 3011 18.

412 3052 467 3122 sed
482 3055 591 3118 tamen
613 3051 783 3141 aliquando
805 3052 901 3120 etiam
914 3054 947 3118 in
962 3076 1029 3121 non
1046 3055 1163 3122 stultis.
1181 3055 1202 3122 I
1205 3055 1268 3121 bid.
1285 3067 1313 3120 et

457 3161 557 3238 LXI,
584 3163 614 3226 8.

410 3269 572 3359 quomodo
588 3268 640 3334 illa
660 3268 811 3356 explicari
830 3292 848 3334 a
867 3269 1060 3357 quibusdam
1086 3285 1206 3360 posset.
1226 3270 1308 3340 Ittd.

324 3380 501 3448 Cerchrum
521 3392 591 3444 tum
611 3376 801 3454 stultorum,
828 3389 897 3443 tum
923 3380 1186 3447 cachecticorum
1215 3383 1251 3446 ad
1272 3381 1312 3445 in·

365 3489 534 3578 quirendas
561 3507 736 3552 nervorum
767 3487 932 3576 origines,
963 3478 1088 3576 elinque
1121 3491 1311 3578 aptissimum

364 3612 435 3676 est,
457 3596 560 3671 VIII,
586 3595 631 3669 6,
655 3618 705 3680 17.
726 3593 896 3670 XXXVI,
924 3599 974 3662 15.
1015 3641 1020 3648 -

324 3707 455 3776 Gerehri
471 3705 599 3769 dissecti
615 3715 733 3790 puncta
754 3704 952 3792 sanguinea,
972 3706 997 3770 si
1023 3727 1099 3772 mcx
1118 3730 1153 3773 se
1165 3707 1198 3774 in
1213 3717 1313 3796 guttas

366 3813 520 3888 dilatent,
536 3809 614 3900 quid
628 3809 810 3900 significent
826 3861 836 3890 ,
855 3811 914 3892 X,
943 3837 1007 3900 17,
1039 3817 1089 3881 18.
