2828 4678
295 435 358 502 ubo
617 454 737 500 22222222
769 453 951 502 uourrsuu

290 564 436 630 Louisius
455 613 465 639 ,
487 561 656 650 chirurgus
674 560 784 628 Gallus
803 612 812 638 ,
845 560 1018 638 laudatus,
1046 559 1175 638 LVIII,
1205 582 1236 649 7.

289 672 414 739 Loweri
435 671 691 760 experimentum
705 669 868 758 quoddam
892 693 951 734 cur
975 671 1067 738 aliter
1092 671 1175 758 ipsi,
1198 670 1289 736 aliter

338 783 474 850 Novesio
497 781 708 856 successerit,
736 780 844 856 XIX,
874 781 927 846 52.

292 893 362 964 Luc
383 891 488 980 (du),
507 891 676 978 chirurgus
695 889 804 954 Gallus
819 938 828 964 ‚
844 888 1017 965 laudatus,
1041 887 1142 956 XXX
1161 939 1170 965 ,
1194 891 1243 954 25.

291 1001 451 1089 Ludwig,
478 999 596 1065 Christ.
625 995 724 1064 Gottl.
752 997 787 1062 P.
815 997 987 1086 Lipsiensis
1015 999 1196 1088 professor,
1227 996 1292 1062 luu-
1400 1057 1401 1070 ,

337 1109 458 1186 datus,
484 1108 579 1184 LVI,
607 1109 656 1174 15.
686 1104 849 1182 LXVIII,
878 1109 910 1186 d.

293 1221 470 1289 Lumbaros
484 1218 610 1284 arteriae
629 1216 737 1306 plures
762 1217 965 1282 continenter
986 1239 1044 1305 pro
1063 1215 1198 1306 geminis
1216 1217 1294 1284 sim-

196 1357 204 1376 ·
337 1331 465 1419 prices,
498 1327 618 1400 Lxx,
659 1349 708 1390 ιο.
1399 1305 1401 1362 l

294 1439 411 1507 Lumbi
435 1437 554 1503 sinistri
577 1435 709 1509 mollis,
733 1444 765 1499 et
790 1433 887 1498 modo
910 1435 1030 1523 magis,
1062 1434 1161 1500 modo
1189 1437 1293 1502 miuus

338 1571 525 1636 apparens,
562 1557 669 1609 tumor
706 1566 724 1606 2
760 1546 869 1631 splene
898 1542 1021 1609 tumido
1049 1555 1082 1610 et
1100 1545 1290 1622 laxissime,

337 1655 511 1730 XXXVI,
546 1676 597 1740 29.

383 1764 530 1856 ejusdem
555 1775 663 1828 tumor
684 1783 702 1826 2
724 1761 866 1828 maximo
890 1762 1017 1828 interno
1040 1775 1292 1850 aueurysmate,

427 1873 507 1949 XL,
538 1873 589 1936 26.

294 1984 493 2056 Lumborum
517 1980 635 2048 doloris
660 1977 809 2066 quaedam
840 1999 943 2044 cuusae
966 1978 1176 2059 iudicentur,
1196 1981 1292 2060 XVI,

235 2121 239 2132 ·
339 2097 394 2173 dr.
424 2091 543 2166 XVII,
579 2092 630 2168 sd.
655 2087 739 2164 XL,
769 2111 832 2162 11,
865 2090 916 2154 28.

384 2199 547 2290 quomodo
572 2223 588 2264 2
609 2197 713 2263 vesica
737 2196 814 2260 oriri
830 2197 950 2286 possit,
974 2197 1055 2277 XL,
1083 2200 1114 2264 5.

382 2309 544 2400 quomodo
569 2309 607 2374 212
630 2305 739 2372 ulcere
759 2306 942 2372 abdominis
966 2309 1092 2375 interno
1112 2309 1153 2374 ad
1171 2311 1297 2378 iliacam

431 2420 605 2509 regionem.
634 2415 740 2482 loto·
756 2439 804 2480 1o.

387 2529 519 2596 renibus
536 2525 585 2591 vel
602 2526 738 2614 pessime
753 2523 874 2590 effectis
890 2575 899 2601 ‚
917 2526 1028 2593 abesse
1043 2539 1170 2617 potest,
1188 2530 1298 2608 XLII,

436 2650 503 2704 set
527 2659 645 2723 seqq.,
674 2636 756 2700 ibet
773 2657 838 2720 seq.
860 2646 892 2700 et
910 2658 982 2702 2ο.-

300 2747 501 2818 Lumborum
520 2744 645 2813 dolores
658 2768 738 2831 quos
754 2766 841 2808 mors
854 2745 1020 2832 repentina
1037 2759 1085 2814 est
1106 2764 1299 2828 consecuta,

345 2856 426 2933 XL,
454 2879 494 2941 ‘27
511 2905 520 2931 ,
540 2857 592 2920 28.

302 2967 456 3058 Lymphae
471 2965 627 3030 ductuum
640 2964 781 3030 inventio
798 2985 876 3028 uum
889 2964 921 3028 in
939 2963 1086 3054 hydrope
1101 2973 1300 3058 prognosim,

347 3090 380 3144 et
402 3075 601 3142 curationem
618 3095 682 3137 non
701 3073 897 3149 mutaverit,
926 3072 1130 3152 XXXVIII,
1157 3105 1187 3166 7.

392 3209 451 3258 cur
468 3185 511 3249 illi
529 3182 615 3248 haud
628 3204 700 3246 roro
716 3182 749 3246 iu
766 3181 952 3270 hydropicis
968 3195 1138 3272 turgeant,
1156 3187 1253 3266 XVI,
1269 3193 1298 3257 5.

393 3293 464 3362 illos
497 3294 530 3357 in
559 3291 607 3356 bis
638 3313 781 3378 quaererc
813 3290 854 3356 ad
882 3291 959 3378 quid
982 3291 1061 3358 utile
1083 3317 1153 3363 esse
1180 3304 1300 3388 possit,

438 3399 641 3476 XXXVIII,
669 3424 699 3488 7.

767 3589 810 3658 M.

311 3789 434 3858 tlscns
458 3780 545 3848 uude
573 3779 772 3866 frequentius
791 3779 937 3855 oriatur,
960 3779 1089 3864 XLIX,
1116 3809 1166 3878 19.

398 3914 522 3962 summa
546 3890 579 3956 iu
601 3911 665 3976 quo
681 3888 844 3955 consistat.
867 3887 959 3954 Ibid.
