2850 4676
314 404 375 456 aot
592 381 596 392 ’
650 411 769 462 annun
798 411 978 462 conanus

313 511 508 600 cicognini,
530 509 582 577 Io.
602 509 717 578 Franc.
746 511 895 600 ,chirurgi
913 513 988 578 clim
1003 510 1214 582 ForoIiviens.
1242 515 1305 582 Ob·

357 621 520 696 servatio,
547 619 646 697 LIX,
673 622 721 686 18.

296 721 404 796 'cilia
429 731 477 795 De
492 729 609 796 horum
632 731 716 824 vitiis
732 729 874 797 trichiasi
893 742 926 796 ot
945 729 1121 798 distichiasi
1142 732 1305 822 quasdam,

355 840 461 916 XIII,
487 863 539 927 29.

313 949 438 1016 cisiarii
460 943 601 1016 maxime
614 962 689 1016 sunt
709 949 987 1038 aneurysmatibus
1007 949 1161 1024 obnoxii,
1180 962 1215 1016 et
1231 972 1303 1024 cur,

356 1057 451 1126 XVII
466 1094 489 1135 ,ι
505 1062 554 1124 18.

317 1165 517 1234 claudicatio
539 1168 629 1256 quasi
649 1166 796 1255 quaedam
813 1191 853 1232 ex
872 1168 948 1233 vitio
968 1166 1307 1245 musculorum,ilium

303 1270 306 1286 ’
361 1277 498 1344 alterum
514 1300 558 1368 os¹
571 1278 655 1342 intus
672 1277 914 1364 operientium,
937 1275 1107 1354 XXXIV,
1137 1278 1188 1342 ιθ.

318 1384 517 1452 claudicatio
530 1409 570 1450 an
589 1385 705 1474 saepius
721 1385 753 1450 in
768 1384 896 1450 seminis
915 1433 924 1461 ,
947 1389 1044 1472 quam
1056 1385 1089 1452 in
1105 1386 1267 1460 maribus,
1279 1395 1310 1450 et

360 1517 442 1568 cur,
470 1492 565 1570 LVI,
595 1517 644 1582 ¹9·
772 1563 773 1566 ,
1064 1481 1067 1487 ’

211 1679 235 1687 „
318 1601 568 1668 claudicationis
591 1625 687 1668 causa
713 1621 753 1668 ex
775 1600 955 1666 tumoribus
973 1601 1058 1668 intra
1076 1600 1278 1666 acetabulum
1295 1623 1309 1666 a

239 1696 247 1708 “
362 1709 866 1800 quaausaaaata‚cv1‚2a.
914 1742 917 1747 -
1261 1795 1263 1802 Ι

408 1846 522 1888 eorum
537 1835 702 1888 tumorum
717 1821 808 1886 sedes
817 1819 998 1886 verisimilis
1015 1823 1048 1888 in
1059 1803 1218 1886 acetabuli
1232 1817 1310 1908 glan-

419 1933 422 1941 '
453 1930 528 1996 duIa
548 1921 796 2018 mucilaginosa,
821 1929 912 1996 Idid.

321 2039 570 2108 claudicationis
594 2065 611 2106 a
633 2053 727 2129 partu
745 2063 849 2106 causae
874 2039 1007 2130 aliquae,
1029 2039 1192 2114 XLVIII,
1214 2040 1264 2105 55.

322 2150 569 2218 claudicationis
598 2149 792 2239 multiplices
816 2172 948 2232 causae,
973 2148 1056 2217 LVI.
1080 2151 1222 2238 Epistola
1251 2147 1311 2211 sere

252 2254 255 2262 ’
364 2269 442 2346 tota.
482 2309 485 2320 s

324 2365 526 2432 claudicanti
557 2366 639 2432 artui
667 2365 936 2453 respondentium
968 2366 1138 2434 iliacorum
1164 2377 1219 2430 aut
1244 2385 1312 2429 cru·

365 2475 480 2541 ralium
510 2497 658 2540 vasorum
686 2497 756 2561 quae
779 2475 854 2540 vitia
887 2475 951 2540 sint
976 2497 1059 2564 saepe
1083 2474 1312 2550 animadversa,

368 2583 497 2660 XLVI,
519 2607 568 2669 17.
590 2582 686 2659 LVI,
711 2607 773 2659 ιο,
806 2607 871 2660 12,
901 2586 950 2648 18.

326 2692 442 2760 clavus
466 2715 562 2779 quam
586 2694 672 2757 varia
691 2691 850 2781 significet
868 2693 968 2768 vitia,
993 2691 1048 2772 L,
1071 2693 1126 2758 61.

415 2799 565 2866 declaro
588 2798 658 2866 Silii
683 2799 785 2866 Italici
807 2802 976 2869 insanabili
989 2801 1149 2890 quaedam.
1168 2799 1272 2866 Idam.

326 2909 495 2997 cleopatra
515 2931 582 2996 quc
600 2912 711 2976 mortis
731 2934 847 3001 genere
867 2912 1008 2999 perierit.
1036 2912 1067 2974 V
1070 2910 1116 2974 id.
1139 2910 1242 2999 Aspis.

327 3017 469 3093 Clerici,
490 3017 649 3095 Danielis,
677 3019 911 3098 hallucinatio,
938 3020 1045 3095 XIX,
1074 3021 1126 3088 25.

329 3126 510 3216 cIysterum
532 3127 743 3194 nutrientium
767 3128 842 3208 felix
868 3153 944 3196 usus
967 3153 1031 3219 quo
1052 3128 1086 3192 iu
1107 3151 1185 3194 casu
1204 3127 1314 3194 diutur-

371 3233 581 3312 nior'Iucrit,
609 3235 778 3314 XXVIII,
813 3241 862 3318 14⁴.
953 3253 956 3262 '

416 3368 482 3417 non
497 3370 555 3434 per
579 3347 746 3436 siphonem
767 3399 776 3426 ,
795 3349 852 3414 sed
875 3372 934 3438 per
955 3371 1175 3437 compressam
1187 3345 1315 3414 vesicam

387 3458 391 3462 ’
460 3455 592 3544 injectio
617 3459 666 3522 vel
689 3456 765 3523 olim
787 3471 881 3533 nota,
908 3459 952 3534 L,
980 3461 1032 3536 54.

330 3562 476 3630 Coeliacae
493 3566 615 3630 arteriae
633 3578 665 3630 et
681 3570 901 3633 mesentericae
917 3567 1092 3656 superioris
1109 3565 1236 3634 initium
1249 3582 1316 3628 non·

329 3651 332 3662 ¹
372 3697 536 3762 nunquam
556 3697 753 3750 commune,
780 3676 924 3752 XXIX,
953 3699 1005 3742 ao.

330 3781 475 3868 Gmliacae
492 3783 614 3846 arteriae
627 3782 762 3871 duplicis
775 3834 787 3860 ,
801 3785 866 3854 imo
880 3798 912 3852 ct
920 3785 1055 3875 triplicis
1068 3781 1313 3850 observationes,

371 3889 467 3966 LIII,
492 3891 546 3978 57.
575 3889 696 3970 LXX,
719 3915 750 3981 9.
