2850 4676
321 403 385 482 aab
657 419 778 466 rnnnx
802 421 985 468 roucourt
1179 481 1183 490 1

319 531 463 600 Femor‘is
485 528 618 598 cervicis
643 529 816 616 obliquitas
839 531 1059 598 vetustissimis
1080 546 1168 600 note.
1189 534 1277 605 Ibld.

496 638 669 706 fracturam
690 660 785 726 posse
810 635 1007 742 luxationem
1035 641 1133 729 videri
1148 693 1158 719 ,
1176 649 1246 733 quis
1258 645 1317 737 pri·
1405 675 1406 690 a

540 769 611 812 mus
627 745 897 812 animadverterit,
921 746 1012 813 lttct.
1041 773 1070 816 a.

495 855 566 944 quis
591 855 714 944 primus
746 877 805 943 per
822 853 1048 923 dissectionem
1067 860 1312 930 confirmaverit.
1400 799 1406 896 I

539 963 629 1030 Ibid.
653 964 684 1028 5.

497 1096 579 1142 cura
593 1094 689 1138 causa
705 1084 833 1138 externe
843 1074 883 1138 sit
896 1072 1101 1144 illasractura
1118 1078 1316 1168 frequentior

539 1205 636 1271 quam
655 1179 786 1246 lunatio.
802 1179 891 1246 lttd.
923 1205 962 1260 a,
984 1183 1015 1249 ὅ.
1127 1203 1129 1208 ·

494 1288 665 1358 laxationis
687 1311 815 1378 quoque
836 1294 995 1381 exempla,
1020 1293 1107 1359 ltto.
1131 1298 1172 1375 5,
1189 1325 1235 1385 7,
1267 1301 1310 1364 15.

493 1425 552 1468 cur
576 1400 682 1466 lemur
709 1399 753 1462 ibi
780 1399 917 1468 srectum
938 1401 1178 1492 conglutinetur
1198 1408 1315 1475 difficil-

536 1534 609 1586 me,
624 1529 686 1576 nec
695 1521 804 1575 tamen
817 1507 1011 1581 claudicatio
1024 1512 1166 1580 tollatur.
1180 1518 1200 1586 I
1206 1518 1272 1584 tid.
1283 1523 1311 1598 4.

493 1620 570 1710 quid
599 1619 702 1684 fracto
722 1631 778 1682 eut
805 1621 936 1696 luxato,
959 1645 1020 1688 nec
1036 1625 1177 1711 reposito
1198 1627 1313 1693 femore
1405 1629 1406 1634 ’

536 1727 649 1794 inillis
672 1728 727 1815 qui
755 1727 801 1793 sic
825 1729 1006 1808 incedunt,
1031 1729 1072 1797 de
1091 1757 1175 1799 novo
1198 1735 1256 1800 fiat
1281 1759 1314 1802 er

534 1850 737 1927 posterorum
754 1837 1003 1917 observatione,
1029 1855 1084 1908 aut
1101 1867 1141 1909 ex
1161 1846 1313 1933 antiquio

535 1971 606 2014 rum
623 1947 835 2035 conjectura,
853 1947 945 2024 LVI',
971 1950 1008 2026 5,
1031 1951 1063 2016 6.

490 2055 606 2124 additae
634 2079 722 2123 nunc
741 2058 825 2122 circa
855 2056 925 2124 brec
948 2060 1055 2124 omnia
1077 2083 1143 2126 non
1175 2062 1313 2130 animad-

532 2167 693 2234 versiones
717 2177 876 2242 tantum,
916 2166 977 2232 aed¹
1001 2181 1034 2234 et
1060 2169 1308 2238 observationes.

532 2271 623 2342 Ittd.
648 2286 715 2362 yet
738 2298 825 2364 seqq.

489 2409 627 2474 quarum
646 2408 734 2462 una,
760 2385 978 2473 antiquiorum
998 2388 1221 2476 conjecturam
1243 2413 1312 2456 con·

488 2495 620 2561 firmans
632 2544 641 2570 ,
652 2495 1055 2582 mirequaedamcontinet.
1075 2496 1166 2562 Ibid.
1187 2501 1247 2578 14,
1262 2502 1307 2566 15.

310 2605 455 2675 Famoris
474 2604 624 2674 fracture
642 2626 702 2668 cur
719 2626 792 2668 raro
812 2604 881 2670 sine
897 2617 1055 2694 sequente
1074 2607 1309 2674 claudicatione

355 2726 518 2783 curentur.
544 2711 634 2777 lbid.
662 2714 714 2791 ab.

309 2823 450 2894 Fernclii
465 2825 556 2889 locus
573 2823 748 2910 explicatus
766 2869 776 2898 ‚
810 2821 913 2900 XIV,
944 2845 995 2888 ue.

396 2933 474 3023 quid
498 2933 580 2999 desit
596 2932 629 2996 in
652 2932 789 3018 quadam
810 2933 880 3020 ejus
901 2931 1076 3012 divisione,
1101 2931 1212 3010 XLV,
1232 2957 1260 2999 a.

307 3043 461 3122 Fickius‚
493 3041 544 3108 Jo.
580 3041 721 3117 tuscus,
756 3040 903 3106 medicus
934 3041 1105 3118 tenensis,
1133 3043 1300 3118 laudatus,

350 3151 513 3228 XLVIII,
545 3149 596 3216 25.
643 3141 646 3146 ¹

305 3263 500 3337 Fischerus,
522 3261 660 3336 Daniel,
678 3282 718 3325 ax
742 3257 858 3326 Caesar.
890 3258 928 3326 N.
956 3257 1001 3334 C„
1016 3257 1115 3326 leae.
1133 3260 1298 3336 laudatus,

348 3371 447 3448 XVI,
464 3373 520 3464 472
547 3369 652 3446 XXI,
678 3370 730 3455 59.

303 3483 329 3552 F
331 3487 453 3552 letuum
469 3480 596 3568 eruptio
612 3477 775 3566 quomodo
788 3479 950 3545 molestias
966 3478 1091 3544 minuet
1105 3499 1177 3564 quae
1191 3479 1230 3542 ab
1248 3501 1298 3542 or-

331 3571 468 3682 ·ganic'is
485 3600 560 3653 sunt
577 3587 720 3663 morbis,
746 3585 859 3664 XVII,
884 3587 933 3652 16.

391 3723 453 3776 ne,
480 3709 514 3762 ut
532 3697 634 3786 aegri,
655 3697 701 3762 sic
715 3697 833 3762 medici
856 3695 930 3762 inde
950 3695 1028 3760 salso
1053 3707 1209 3783 arguent,
1225 3707 1297 3760 tunc

432 3808 600 3896 organicos
618 3807 729 3873 abesse
744 3807 897 3883 morbos,
913 3805 988 3894 quid
998 3805 1038 3872 sit
1052 3803 1291 3871 attendendum.

431 3915 521 3981 leid.
