2850 4676
315 429 378 476 πο
637 433 757 480 11111111
788 391 971 480 1101111111

492 562 562 628 quae
579 563 640 628 qua
658 542 781 608 ratione
791 541 1016 634 praecavenda.
1032 539 1053 608 I
1056 541 1125 608 tut
1147 543 1198 608 15.

403 645 457 713 Fit
472 650 568 715 ctiam
582 677 597 716 a
611 653 765 740 peculiari
778 653 853 718 vitio
869 653 1055 720 substantia
1066 652 1203 720 cerebri.
1218 649 1313 718 Ibid.

452 757 597 834 16,18.
924 774 928 782 ’

494 891 534 934 an
547 870 587 934 ad
604 869 667 936 boc
676 883 799 960 spectet
811 870 959 937 macula
950 895 983 938 m
996 871 1131 938 cerebro
1146 869 1186 936 ab
1195 868 1237 934 H.
1254 866 1317 934 Pe-

539 991 616 1046 traeo
637 993 824 1047 memorata.
849 980 940 1046 Ihid.
970 1004 1020 1068 ¹9·

372 1171 375 1180 .
411 1085 555 1154 fitctiam
569 1091 609 1156 ab
622 1103 819 1180 apostemate
833 1091 866 1157 in
882 1089 1027 1158 cerebro.
1051 1088 1073 1155 I
1075 1087 1143 1154 bid.
1170 1111 1236 1167 ao,
1256 1087 1317 1166 14,

453 1198 505 1263 ab.

456 1347 465 1368 .
497 1319 530 1374 ct
545 1331 562 1374 a
580 1307 697 1376 duritie
715 1311 747 1375 in
765 1308 890 1376 eodem.
910 1307 1001 1374 Ibid.
1027 1310 1069 1388 14
1085 1319 1118 1373 et
1136 1329 1225 1395 seqq.

408 1413 479 1481 fieri
495 1439 536 1482 ne
552 1419 651 1506 possit
663 1443 679 1484 a
692 1419 878 1508 meringum
891 1419 1079 1484 irritatione.
1100 1415 1192 1482 loto.
1219 1437 1272 1479 ar.

409 1523 480 1592 fieri
496 1540 631 1616 potesta
648 1552 763 1607 causa,
780 1529 912 1595 omnino
928 1548 1039 1594 sensus
1055 1526 1210 1616 fugiente.
1225 1522 1317 1591 lttd.

459 1635 507 1700 15.

410 1765 480 1830 quae
490 1748 666 1814 tamensub
679 1771 790 1814 sensus
801 1746 934 1823 cadunt,
943 1747 1002 1812 etsi
1011 1767 1107 1811 causa
1120 1767 1186 1810 non
1202 1754 1320 1816 essent,

456 1856 547 1922 nosci
562 1855 701 1934 debent,
720 1869 752 1924 et
766 1880 835 1923 cur.
855 1855 944 1921 lttct.
972 1867 1005 1921 et
1019 1855 1071 1920 16.

326 1958 508 2029 Erasistrati
529 1965 570 2030 dc
590 1989 684 2032 causa
705 1967 827 2037 cruenti
844 1966 877 2031 in
896 1963 1067 2054 pleuritide
1090 1963 1175 2051 sputi
1192 1973 1321 2030 senten-

293 2079 296 2086 '
348 2071 431 2184 tia,
449 2073 604 2162 explicata
617 2075 677 2141 furt
692 2097 757 2142 non
772 2099 840 2142 srne
851 2098 982 2150 errore
1004 2071 1106 2148 XXI,
1130 2074 1185 2151 41.

325 2147 473 2247 Erinacei
493 2183 623 2252 brevem
639 2185 760 2250 habent
781 2183 1027 2274 epiglottidem,
1052 2181 1159 2259 XIX,
1177 2183 1233 2260 41.

412 2290 601 2414 pulicibus,
618 2318 684 2362 non
703 2317 793 2362 secus
810 2317 847 2360 ac
870 2315 987 2369 canes,
1002 2290 1113 2358 referti
1128 2303 1214 2361 sunt.
1230 2287 1319 2355 ltin.

415 2400 448 2466 in
480 2425 544 2467 uno
568 2403 662 2470 unius
689 2403 867 2482 bronchio,
896 2401 997 2470 illaeso
1013 2398 1185 2488 alioquin,
1209 2398 1327 2471 vermis

461 2509 530 2576 fuit.
551 2512 641 2578 loto.

330 2615 519 2698 baudelius,
549 2621 625 2686 Chr.
656 2623 755 2688 Hanr.
780 2621 949 2690 Archiater
977 2621 1053 2688 olim
1077 2615 1218 2690 Poloniae
1233 2613 1327 2705 Ilegis

370 2726 542 2805 laudatus,
566 2730 667 2806 XIII,
694 2751 746 2818 29.

332 2833 533 2917 Ettmiillari,
559 2839 744 2918 Michaelis,
769 2840 941 2930 prudentia
958 2836 1125 2912 laudatur,
1149 2833 1254 2912 VIII,
1273 2835 1325 2913 54.

418 2948 452 3015 in
476 2949 693 3036 quibusdam,
720 2951 779 3038 ipsi
813 2947 1001 3023 attributis,
1032 2943 1326 3018 hallucinationes,

461 3056 561 3138 VIII,
589 3051 642 3126 nh.
664 3059 805 3138 XXIX,
829 3061 859 3139 4.
1199 3103 1202 3106 ,

322 3165 447 3244 Evers,
473 3167 586 3234 Eman.
606 3169 657 3234 Jo.
679 3169 751 3235 Alb.
778 3168 946 3242 laudatus,
963 3163 1067 3240 XIX,
1091 3163 1146 3242 45.

332 3275 564 3343 Excrescentiae
591 3301 714 3344 carneae
741 3301 819 3344 num
846 3297 973 3365 semper
1000 3274 1064 3340 sint
1091 3295 1109 3338 a
1140 3270 1328 3358 membrana

375 3383 528 3473 adiposa‚
556 3385 602 3464 L,
623 3409 674 3454 ar.

419 3497 616 3564 membranae
631 3497 769 3585 adiposae
781 3519 886 3583 neque
902 3494 987 3560 inter
998 3453 1210 3566 steatomata,
1227 3511 1331 3577 nequo

466 3607 550 3673 inter
563 3605 639 3672 alios
656 3618 798 3673 tumores
813 3605 951 3694 cysticos
965 3613 1040 3669 sunt
1051 3599 1222 3692 ponendae.
1235 3596 1326 3667 loto.

464 3728 497 3782 et
516 3738 604 3804 seqq.
626 3715 789 3792 LXVIII,
815 3737 846 3802 9.

510 3824 588 3915 quid
609 3826 698 3902 sint,
723 3838 756 3890 'et
775 3821 937 3912 quomodo
956 3818 1109 3886 differant
1128 3842 1145 3884 a
1168 3816 1328 3908 plerisque

453 4035 458 4042 .
554 3934 725 4026 pinguibus
742 3934 810 4004 aliis
824 3931 1030 4008 tumoribus,
1063 3927 1110 4007 L,
1136 3948 1188 4024 ar.
