2828 4678
318 431 380 500 272
512 381 517 391 ¹
644 421 1063 473 tnnnxnonrnutr'

405 532 541 632 ganglia.
553 533 602 600 De
619 533 734 600 horum
753 535 931 602 substantia
949 537 1068 625 aliquid
1084 539 1312 622 observatum,

446 654 537 729 XII,
563 649 611 726 14.

399 762 590 833 constrictio
611 766 767 843 quatenus
789 753 961 842 paralysim
992 757 1120 836 faciat,
1150 759 1229 838 XI,
1261 765 1310 827 18.

445 870 585 944 XXVI,
617 869 667 930 25.

396 985 553 1051 fibrarum
572 999 644 1065 quae
670 973 870 1049 olfaciendo,
896 973 1078 1051 audiend0,
1104 977 1246 1044 videndo
1264 981 1314 1045 in-

442 1089 609 1160 serviunt,
634 1085 763 1150 interne
789 1085 1006 1172 comparatio,
1033 1085 1171 1163 LXIII,
1202 1113 1252 1152 ιι.

311 1204 406 1276 Nervi
433 1199 531 1289 optici
557 1196 612 1260 ubi
638 1195 721 1258 inter
743 1216 777 1257 se
801 1194 1005 1284 junguntur,
1029 1218 1108 1260 num
1127 1199 1226 1263 etiam
1241 1223 1300 1288 per

350 1316 573 1383 misceantur,
596 1303 702 1377 XIII,
729 1325 758 1388 7.

397 1417 535 1509 sejuncti
555 1411 705 1499 aquibus
723 1433 833 1475 revera
852 1411 916 1502 sint
936 1411 1106 1476 observati.
1126 1413 1218 1482 ibid.

396 1557 433 1598 ea
453 1523 632 1591 observatio
645 1543 710 1585 non
725 1521 830 1586 obstat
846 1570 859 1596 ‚
878 1520 934 1585 sed
946 1522 1031 1586 favet
1044 1523 1125 1587 Dan.
1152 1525 1314 1592 Bernoul·'
1400 1543 1401 1592 1

438 1641 493 1706 Iio.
517 1631 605 1703 rtid.

396 1750 482 1818 Iaesio
506 1744 617 1810 intima
635 1763 739 1826 neque
763 1739 802 1803 ab
823 1737 1014 1815 oculorum,
1030 1763 1166 1826 nequea
1183 1746 1307 1810 cerebri

425 1855 549 1924 ·sensili
565 1853 641 1917 vitio
658 1849 824 1914 observata
842 1899 850 1924 ‚
869 1849 959 1923 LVI,
987 1873 1038 1914 21.
1056 1851 1188 1930 LXIII,
1207 1857 1239 1917 8.

397 1968 525 2037 alterius
538 1965 592 2052 qui
612 1985 697 2027 raeco
712 1961 806 2027 oculo
825 1959 1018 2048 respondet,
1037 1961 1123 2027 Iaesio
1139 1988 1205 2029 non
1223 1989 1306 2031 sem·
1400 2009 1401 2038 ;

437 2101 496 2167 per
529 2095 624 2161 supra
650 2072 888 2160 conjunctionis
910 2069 1018 2136 Iocum
1042 2084 1090 2136 est
1110 2075 1303 2154 manifesta,
1400 2067 1401 2132 i

437 2185 544 2260 XIII,
571 2195 638 2269 7et
656 2205 743 2268 seqq.
767 2180 850 2256 LII,
872 2181 924 2280 ᾆο.

392 2297 591 2387 qualistunc,
601 2309 804 2382 etquousque
814 2280 989 2360 observata.
1001 2296 1019 2354 I
1023 2292 1089 2359 bid.
1103 2295 1299 2373 etLXIILIi.

392 2432 467 2475 eum
483 2431 519 2472 ea
540 2403 704 2482 occurrit,
723 2428 786 2505 non
804 2405 879 2469 inde
903 2404 987 2471 oculi
1004 2428 1132 2471 marcor
1146 2421 1196 2474 est
1212 2431 1304 2498 repe·

435 2515 569 2591 tendus,
588 2513 693 2589 XIII,
724 2537 774 2578 11.
798 2511 889 2588 LVI,
908 2537 961 2578 21.
1118 2599 1125 2604 ἡ

389 2637 495 2715 potest
513 2624 637 2688 caecitas
658 2643 722 2696 uon
742 2623 781 2686 ab
803 2623 870 2710 ipsa
886 2646 975 2700 esse,
995 2625 1059 2689 imo
1076 2625 1145 2714 ipsa
1162 2650 1233 2694 esse
1246 2649 1302 2716 po-

434 2745 496 2798 test
513 2757 530 2796 a
547 2732 699 2798 caecitate.
729 2730 816 2795 Ibid.

301 2845 396 2914 Nervi
415 2841 564 2908 auditorii
580 2843 761 2928 portionem
774 2839 905 2906 mollem
925 2863 963 2907 ex
981 2841 1112 2908 Calamo
1130 2845 1299 2933 scriptorio

235 2959 237 2964 ⁸
343 2953 441 3029 oriri,
459 2973 520 3018 nec
534 2947 658 3015 Zerbus
674 3001 683 3026 ,
698 2972 759 3014 nee
773 2950 799 3017 V
803 2951 921 3016 aroIius
937 2999 946 3029 ‚
962 2949 1298 3020 nec'Piccolhominus

341 3085 544 3152 cognovere,
571 3059 672 3138 XIV,
700 3063 748 3139 14.

386 3170 533 3261 ejusdem
551 3171 710 3257 'utrinque
726 3170 895 3258 tergemini
912 3169 945 3236 in
966 3183 1061 3237 acuto
1074 3171 1185 3236 auditu
1200 3171 1296 3238 dubia

429 3293 477 3345 est
501 3280 691 3344 observatio·
710 3279 800 3346 Ibid.

294 3393 474 3463 Nerrorum
497 3391 733 3453 recurrentium
756 3389 898 3455 inventio
920 3389 1047 3466 ¹Galeno
1064 3390 1217 3455 asseritur
1237 3390 1294 3455 ad·-

336 3521 445 3567 versus
464 3495 648 3573 Clericum,
669 3496 773 3562 XIX.
812 3499 863 3562 25.
899 3527 903 3532 ·

383 3605 423 3673 ad
438 3629 552 3672 nervos
568 3607 644 3680 alios
661 3658 669 3682 ,
692 3607 723 3671 in
737 3608 911 3673 viventium
929 3607 1098 3674 brutorum
1117 3607 1200 3673 eollo
1217 3609 1290 3676 inei·

362 3757 364 3764 ,
426 3739 477 3780 sos
503 3727 558 3779 aut
578 3713 692 3803 ligatos
721 3715 869 3802 quaedam
891 3717 1079 3803 spectantia.
1106 3717 1197 3783 Ibid.

378 3823 543 3914 quomodo
564 3824 612 3888 his
623 3837 690 3888 -eut
703 3824 763 3892 iIlis
780 3827 885 3890 nervis
899 3827 1027 3901 incisis}
1047 3847 1143 3890 canes
1161 3829 1287 3915 quidam

409 3941 543 4032 'vocem'
555 3933 703 4000 amissam
721 3957 912 4024 recuperare
928 3935 1103 4022 potuerint.
1130 3935 1210 4015 LII,
1232 3939 1280 4004 26.
