2828 4678
310 443 373 510 268
642 456 766 500 rnonx
797 455 978 501 rtotttrttttt

399 569 439 634 nd
465 567 523 634 hos
547 565 769 654 conjiciendos
797 587 855 630 rur
871 561 969 654 ‘plura
995 564 1058 630 sint
1085 563 1308 654 conjungenda

444 679 543 767 signe.
573 675 662 740 ltin.
682 678 737 754 40.
1396 735 1397 772 ,

399 801 431 855 et
456 789 558 875 prima
590 799 734 876 tempora
763 781 970 852 attendenda.
997 781 1087 848 ltin.
1118 795 1152 848 et
1181 785 1257 862 44,
1283 794 1313 848 et
1396 779 1397 798 ¹

445 892 653 969 XXXVIII,
679 893 733 958 60.

399 1017 432 1072 et
452 1002 661 1091 querendum
682 1003 799 1089 quibus
822 1003 897 1092 aegri
929 1001 1069 1091 majores
1089 999 1222 1065 obnoxii
1246 999 1313 1065 Ine·

446 1114 510 1178 rint
526 1112 648 1176 morbis
665 1162 675 1186 ,
694 1111 794 1176 XXX
814 1162 822 1186 ,
849 1133 901 1176 22.

400 1222 675 1288 hereditariorum
688 1223 843 1309 exempla.
858 1221 890 1284 V
891 1219 939 1284 id.
953 1219 1141 1306 Apopiexia.
1154 1216 1313 1284 Vomitus.

403 1332 628 1422 organIcorum
660 1330 773 1395 offecto
799 1329 946 1417 quaedam
969 1351 1034 1394 non
1058 1329 1213 1394 continue
1238 1350 1317 1415 saepe

449 1441 635 1528 decipiunt,
648 1451 681 1503 ut
695 1440 837 1530 organici
852 1461 995 1504 essenon
1009 1437 1198 1512 credantur,
1213 1435 1317 1512 XVII,
1397 1469 1398 1532 3

452 1551 504 1614 26.
528 1549 659 1625 XVIII,
685 1561 770 1634 1721
795 1573 883 1636 seqq.
909 1547 1051 1622 XXIII,
1080 1569 1133 1612 22.

405 1671 438 1724 et
451 1657 748 1746 quomodoaccidat
758 1669 792 1720 ut
803 1658 1030 1732 continuanon
1041 1655 1105 1719 sint
1116 1705 1125 1730 ,
1136 1652 1251 1729 XVII,
1267 1676 1318 1740 27.

406 1768 439 1834 in
460 1768 600 1844 morbis,
619 1766 797 1854 praesertim
814 1765 981 1840 obscuris,
998 1763 1037 1826 ad
1050 1785 1201 1849 quaenom
1218 1785 1320 1828 reme-

453 1875 505 1940 dia
526 1899 590 1941 non
607 1877 671 1940 sint
696 1871 833 1963 cogendi
851 1884 1064 1962 aegrotantes,
1086 1871 1209 1947 XVII,
1238 1873 1291 1936 52.

320 1983 423 2050 Morbi
444 1997 518 2072 post
539 2000 729 2076 perpetuam
755 1987 794 2051 ab
819 1984 1088 2078 ortu-sanitatem
1112 1985 1321 2070 ingruentes,

363 2095 488 2181 magni,
513 2095 586 2171 III,
619 2097 650 2162 5.

410 2225 468 2268 cur
488 2205 647 2291 graviores
669 2225 686 2294 2
714 2225 809 2268 causo
832 2203 985 2278 interna,
1014 2214 1048 2266 et
1071 2201 1251 2290 praesertim
1268 2223 1323 2265 ne-

454 2313 516 2376 tiva
537 2335 632 2400 quam
655 2313 694 2376 ab
723 2325 875 2386 externa,
904 2311 994 2386 XII,
1023 2333 1071 2374 12.
1398 2338 1399 2396 p

322 2420 425 2486 Morbi
448 2423 544 2506 quern
568 2423 734 2509 repentina
760 2445 848 2486 mors
873 2433 1046 2486 consecuta
1070 2430 1156 2484 esta
1182 2419 1325 2506 disrupto
1398 2407 1399 2490 f

368 2554 409 2596 an
428 2530 545 2618 jecoris
566 2531 700 2595 abcessu
719 2553 780 2606 ,an
798 2543 895 2594 eortae
913 2539 1136 2617 oneurysmote
1151 2574 1161 2605 ,
1179 2538 1325 2594 accurata

368 2637 627 2713 historia‚XL,
657 2640 707 2702 28.

323 2746 509 2812 Morborum
532 2746 631 2812 felicis
662 2747 809 2812 Instantis
837 2745 1006 2813 solutionis
1031 2745 1210 2824 Indicium,
1228 2744 1323 2818 VIII,

373 2878 433 2929 ro,
452 2854 586 2933 XLIX,
611 2879 663 2920 21.

320 2963 459 3029 Morsum
477 2967 583 3030 avium
602 2966 851 3032 domesticorum
868 2967 974 3055 grevia
990 2964 1156 3032 interdum
1171 2975 1322 3052 sympto-

368 3085 454 3140 mata
478 3086 552 3140 sunt
572 3087 771 3151 consecuta,
797 3073 897 3152 LIV,
926 3074 980 3153 45.
1032 3135 1035 3144 ,
1222 3065 1227 3076 ’

418 3196 666 3248 consecutorum
680 3186 855 3272 passerculi
872 3203 1016 3250 morsum
1032 3181 1225 3246 observatio.
1239 3191 1259 3250 1
1262 3179 1325 3244 tid.

240 3315 242 3318 ·
328 3289 447 3356 Mortes
467 3293 641 3380 repentinae
653 3294 723 3358 eliis
739 3295 836 3360 etiam
853 3307 928 3358 ante
940 3289 1138 3358 hoc'seeulis
1158 3314 1226 3356 non
1239 3289 1329 3354 infre·

371 3413 532 3487 quentes,
560 3401 614 3477 Il,
636 3425 664 3466 2.
686 3415 717 3467 et
734 3427 822 3491 seqq.
847 3401 979 3479 XXVI,
1002 3425 1028 3465 1.
1052 3398 1180 3476 LXIV,
1205 3423 1256 3484 17.

330 3507 481 3573 Mortium
515 3511 789 3598 repentinorum,
826 3510 940 3576 eodem
965 3511 1062 3576 etiam
1081 3521 1232 3594 tempore
1256 3527 1328 3571 con-

373 3618 589 3705 tingentium,
610 3623 705 3686 variae
724 3623 899 3687 observatae
921 3645 1024 3687 causae
1044 3619 1122 3712 quid
1142 3616 1265 3707 populo
1281 3639 1328 3680 so·

371 3725 438 3792 tatii
457 3731 638 3802 attulerint,
656 3731 710 3807 II,
736 3735 767 3810 4.
798 3731 929 3807 XXVI,
949 3732 1001 3795 55.

416 3837 506 3902 sodes
530 3861 641 3912 earum
668 3863 864 3915 causarum,
888 3834 1033 3913 XXVII,
1063 3860 1095 3912 2,

415 3965 477 4032 qua
501 3957 729 4038 tempestatum
756 3950 984 4018 constitutione
1005 3945 1128 4014 Patavii
1148 3967 1233 4034 peno
1256 3963 1327 4031 quo·
