2850 4676
374 355 379 362 ι
869 343 879 370 t

379 413 425 457 nr·
458 411 582 456 onnon
614 405 875 457 noranrnrun.
1066 393 1131 457 roo

129 519 271 587 Coeliaoa
287 520 401 592 arteria
420 542 479 584 cur
498 521 598 608 magis
616 520 656 586 sit
671 518 947 608 aneurysmatibus
969 519 1127 596 obnoxia,

112 699 117 707 ,
177 629 345 705 XXXIX,
369 653 418 716 19.
999 694 1003 700 ,
1045 630 1047 636 '

130 739 508 828 Coelieenmprolluvium
523 763 587 807 non
602 751 651 805 est
662 763 737 804 oum
754 737 887 805 coeliaco
903 737 989 827 apud
999 737 1129 805 Celsum

175 851 290 915 morbo
304 849 566 918 confundendum
582 899 594 924 ,
613 849 729 915 XXXI
745 899 753 923 ,
778 851 810 928 l.

222 958 316 1044 quale
330 957 387 1034 sit,
402 971 435 1025 et
450 957 613 1048 quomodo
633 957 699 1023 fiat.
724 957 813 1023 [bid.
830 970 863 1024 et
883 959 931 1022 ιδ.
995 985 998 992 ’

128 1066 328 1144 Cohausen,
354 1067 481 1135 Valent.
508 1070 585 1134 Ero.
622 1069 701 1154 Eng.
731 1091 770 1132 ex
794 1068 873 1132 Caes.
898 1066 997 1132 Acad.
1020 1065 1058 1132 N.
1086 1067 1123 1131 C.

172 1177 346 1269 laudatus,
368 1176 505 1252 XXIII,
532 1199 563 1262 9.
588 1175 758 1252 XXXIV,
784 1199 832 1262 19·
853 1174 1053 1250 XXXVIII,
1072 1199 1122 1263 ι9.

127 1281 253 1350 Coiter'i
283 1286 428 1374 quaedam
461 1287 494 1353 in
522 1285 756 1374 phthisicorum
782 1297 928 1351 anatome
947 1285 1127 1350 observatio

172 1416 238 1459 non
254 1406 409 1482 perpetua
422 1407 493 1470 est,
518 1393 617 1460 XXII
633 1445 642 1470 ,
675 1419 723 1480 ¹7·

127 1503 213 1569 Colli
235 1503 394 1592 profunde
410 1505 565 1572 vulnerati
580 1527 730 1594 magnam
746 1503 988 1592 haemorragiam
1016 1503 1126 1568 sistere

174 1626 330 1705 qnantum
346 1662 355 1690 ,
373 1626 405 1678 et
421 1637 480 1680 our
495 1614 625 1680 difficile
642 1616 702 1690 sit,
726 1613 825 1689 LIII,
853 1637 906 1678 oe.
981 1595 985 1612 .
1092 1595 1097 1612 .

128 1722 281 1790 Columbi
303 1723 439 1799 Realdi,
465 1724 645 1790 observatio
664 1724 840 1812 explicata,
870 1721 973 1798 XIX,
987 1743 1053 1787 -eo,

220 1833 319 1898 altera
337 1855 433 1920 ‘aqnae
452 1833 618 1921 glutinosae
646 1833 678 1900 in
699 1833 833 1900 cerebro
853 1831 1126 1922 apoplectioorum

203 1989 204 2002 .
286 1941 447 2030 quomodo
462 1941 675 2031 accipienda,
698 1942 726 2006 V
743 1993 751 2015 ,
781 1967 807 2008 1.

128 2045 537 2119 Combustionis'uniuersae
553 2053 634 2117 cutis
655 2053 852 2126 observatio,
875 2049 954 2126 LV,
983 2051 1033 2116 15.
1105 2115 1106 2125 ,

128 2147 367 2225 Commendoni
387 2161 438 2225 Jo.
470 2161 585 2228 Frano.
609 2161 642 2225 S.
662 2137 759 2226 RJE.
782 2158 958 2226 Cardinalis
971 2209 979 2234 ,
994 2155 1126 2224 morbus

171 2281 205 2336 et
220 2270 342 2345 sectio,
368 2270 437 2345 IX,
459 2272 490 2337 5.
705 2271 706 2274 '
1114 2263 1118 2270 ¹

125 2377 373 2445 Contrafissura.
397 2380 428 2443 V
430 2381 477 2446 id.
502 2379 666 2447 Granium.

126 2487 237 2554 Genus
250 2537 258 2562 ,
269 2487 455 2577 Christoph.
476 2491 651 2565 Ernestus‚
669 2487 816 2554 laudatus
829 2534 838 2562 ,
853 2477 961 2561 LXV,
985 2485 1033 2549 18.

127 2595 301 2662 convulsio
321 2599 485 2664 acerebro
512 2621 595 2686 saepe
614 2611 663 2664 est
680 2595 730 2662 vel
753 2619 827 2662 cum
850 2593 980 2662 aliunde
996 2617 1064 2659 esse
1076 2595 1124 2672 ri-

171 2705 286 2783 detur,
312 2705 398 2784 XV,
418 2731 450 2796 9.

216 2815 273 2880 sed
294 2839 360 2880 non
385 2839 530 2905 semper,
550 2813 632 2891 XV,
655 2837 711 2880 no.

216 2923 377 3012 quomodo
391 2924 484 2990 simul
499 2947 573 2990 oum
582 2922 720 3012 paralysi
733 2923 765 2990 io
774 2921 889 3004 eodem
899 2923 1046 2988 membro
1057 2943 1127 2988 osse

261 3034 375 3121 possit.
396 3033 427 3097 V
429 3033 475 3098 id.
496 3033 664 3122 Paralysis.

127 3139 380 3208 Convulsionum
403 3165 533 3229 rarum,
566 3151 599 3210 et
618 3141 754 3210 difficilis
774 3139 995 3229 explicationis
1015 3161 1125 3206 exem-

169 3250 281 3341 plum,
303 3251 355 3328 X,
386 3255 435 3318 16.
517 3242 520 3254 ¹

214 3360 246 3425 in
270 3361 511 3427 recurrentibus
528 3361 789 3426 convulsionibus
809 3357 976 3426 fidendum
997 3378 1062 3422 non
1078 3369 1126 3422 est

258 3469 352 3536 bonis
373 3469 441 3536 aliis
466 3470 659 3560 quibusdum
676 3470 795 3558 signis,
814 3467 867 3544 X,
889 3469 938 3532 15.

125 3575 311 3645 Gonvulsivi
328 3591 457 3658 motus,
483 3581 515 3645 in
532 3578 632 3644 altero
651 3578 827 3666 praesertim
846 3575 987 3664 corporis
1002 3575 1124 3647 latere,

168 3691 451 3776 consequuntur,
478 3689 533 3765 ΙΙ,
559 3681 607 3753 ι8.
632 3687 704 3764 XI,
732 3713 761 3773 7.

213 3794 334 3862 liantne
363 3821 402 3862 ex
432 3798 617 3887 meningum
652 3797 841 3863 irritatione.
876 3791 957 3856 Vid.
991 3788 1125 3855 Cerebri

261 3907 437 3998 meninges.
