2828 4678
327 413 375 460 nr
398 413 525 459 nnana
557 411 823 460 uorlnrnrnu.
1009 389 1071 478 275

76 512 251 584 Nervorum
270 541 329 607 pnr
345 543 465 586 nonum
482 571 491 596 ,
517 545 556 586 an
573 521 679 609 potius
701 523 850 609 quintum
866 519 981 609 linguae
998 517 1073 586 alle·

117 639 168 692 rat
185 627 332 716 gustandi
348 629 532 694 facultatem
550 679 558 705 ,
583 629 687 705 XIV,
712 631 766 694 52.

161 736 377 802 brachialium
400 739 595 826 compressio
620 739 658 803 ab
684 749 906 828 eneurysmate
931 758 988 802 cur
1005 745 1075 800 tor·

207 869 319 933 porem
342 845 524 914 doloremve
542 869 607 912 non
624 846 764 914 feceret.
790 845 929 921 XXVI,
958 845 1008 910 25.

163 955 338 1020 cruralium
359 957 575 1042 posteriorum
593 967 727 1044 uterque
747 979 828 1022 nnus
847 955 995 1032 videtur,
1017 952 1074 1022 sed

210 1076 259 1129 est
278 1062 419 1150 duplex,
446 1063 579 1141 LXIX,
607 1088 635 1130 n.

253 1170 386 1237 alterius
404 1193 516 1238 eorum
536 1174 642 1238 erosio‘
661 1173 850 1249 observata,
875 1171 924 1247 L,
946 1195 979 1236 11
994 1219 1004 1248 ,
1018 1153 1071 1236 55.

77 1271 294 1357 Niebolssius,
322 1281 439 1347 Franc.
468 1306 508 1352 ex
533 1282 611 1371 Reg.
636 1282 710 1348 Soc.
738 1281 872 1348 Londin.
899 1279 1074 1357 laudatus,

117 1387 224 1465 XXI,
248 1411 299 1454 no.

77 1495 171 1585 Niphi
205 1497 475 1565 hallucinationes
508 1498 541 1566 in
559 1497 747 1570 anatomicis
771 1498 947 1571 Aristoulis
968 1496 1075 1575 loeis,

118 1605 223 1682 XIX,
247 1630 299 1672 ar.
327 1606 423 1684 LVI,
448 1610 480 1687 4.

78 1712 214 1780 Nomina
232 1717 374 1803 partium
396 1717 584 1783 anatomicis
601 1715 714 1782 usitata
737 1739 816 1781 num
837 1727 962 1780 mutare
978 1737 1076 1804 expe-

117 1822 208 1900 diat,
235 1823 365 1901 LXVI,
393 1827 443 1902 14.

79 1915 1071 2022 Nosocomiaquoprimumtemporeluerintinstituta,PraeIat.

119 2041 160 2105 ad
177 2043 253 2108 libr.
276 2044 307 2120 Δ.
1124 2039 1126 2044 ’

160 2151 193 2216 in
218 2151 257 2215 iis
270 2149 403 2216 leviores
419 2150 549 2215 morbos
567 2147 688 2216 diutius
702 2148 822 2216 cubare
837 2145 1073 2238 periculosum,

205 2259 293 2335 XX,
313 2261 345 2338 4.
366 2258 515 2334 XLVII,
544 2259 599 2324 55.
645 2317 652 2328 .

79 2363 229 2434 Novesius
252 2369 285 2432 in
302 2367 449 2432 iterando
468 2367 607 2455 quodam
627 2365 750 2434 Loweri
767 2365 985 2456 experimento
997 2363 1075 2455 quid

118 2474 298 2542 cavendum
319 2477 378 2544 sibi
395 2477 644 2552 existimaverit,
674 2475 777 2553 XIX,
796 2478 848 2542 52.

79 2579 188 2648 Nuckii
209 2583 504 2661 hallucinationes,
531 2584 731 2661 XXXVIII,
761 2586 825 2663 Io,
847 2585 902 2650 50.

161 2693 252 2780 quasi
273 2691 410 2769 oblivio,
430 2693 519 2763 lbid.
550 2695 603 2780 59.

80 2797 212 2888 Nuptae,
230 2803 263 2888 ¹si
286 2802 503 2879 inloecundaa,
528 2825 644 2892 magno
663 2825 746 2892 saepe
768 2801 883 2867 morbo
902 2797 1070 2878 obnoxiae,

121 2907 295 2987 XXXVI,
320 2934 379 2998 17,
408 2915 457 2976 18.

82 3013 265 3108 Nyctalopia
282 3031 417 3108 utraque
436 3003 823 3110 quomodo‘explicanda,
846 3012 949 3094 XIII,
976 3041 1025 3104 ¹9·

163 3151 229 3216 quo
245 3129 335 3217 signo
351 3151 369 3192 a
390 3128 497 3218 Myop.
513 3141 546 3195 et
562 3128 705 3216 Presbyt.
726 3127 801 3193 vitio
814 3125 1070 3193 Internoseenda.

257 3237 303 3302 id.

84 3236 300 3433 Nymphaiibm
313 3342 519 3410 muliebrium
532 3367 607 3410 usus
625 3343 829 3412 Dionisianus
846 3341 1074 3419 confirmatur,
1182 3397 1185 3404 .

124 3451 261 3520 XLVIII
279 3505 287 3530 ,
311 3456 381 3533 Ile«

75 3587 78 3592 ·
167 3563 201 3632 in
214 3563 372 3655 quadam,
391 3559 634 3639 sinistrnnulla,
652 3561 782 3629 dextera
795 3585 892 3652 perra
909 3555 1070 3638 ,LVI,18.
