2828 4678
368 437 416 486 nr
449 437 570 480 annon
604 433 868 481 nornnrnrun.
1059 415 1123 484 525

167 557 234 614 cor.
256 543 407 636 Regular.
428 543 586 633 Congreg.
606 529 710 608 Rhen.
731 541 901 636 laudatus,
918 543 1052 623 XXVI,
1068 547 1121 634 59.

122 647 363 731 Trombellius,
389 654 515 719 Sebast.
547 653 728 728 Antonius,
753 653 838 718 Prol.
860 656 936 720 olim
958 655 992 720 P.
1014 657 1126 722 Bono-

165 766 285 842 niensis
303 815 313 842 ,
331 761 490 830 laudatus.
509 761 529 828 I
533 761 600 826 bid.
622 773 655 826 et
671 761 720 826 IX
732 809 742 840 ,
753 776 814 828 ¹11.
832 763 970 830 XLVIII
986 816 995 842 ,
1010 768 1064 845 54.

210 877 280 964 ejus
308 875 510 950 observatio,
535 873 605 960 IX,
640 894 689 936 ra.
737 881 739 890 “

208 984 343 1073 ejusde
371 979 513 1059 morbo,
540 991 644 1048 morte
662 993 695 1045 et
722 979 918 1056 ¹dissectione
946 983 1122 1072 quaedam,

161 1097 164 1104 ’
255 1077 393 1170 XXVI,
417 1093 487 1179 59,
515 1093 568 1170 4ο.
1065 1075 1067 1082 ⁴

118 1201 285 1268 Tubar'um
303 1201 456 1290 'llallopp=
479 1203 581 1266 altera
603 1211 620 1262 a
646 1197 831 1286 primordiis
848 1194 955 1268 medio
972 1203 1005 1269 in
1025 1215 1122 1270 cursu

162 1310 338 1388 deficiens,
361 1322 394 1376 et
414 1309 539 1386 solida,
562 1306 698 1386 LXIX,
722 1311 771 1374 ro.
808 1397 811 1404 Ι

206 1421 367 1497 occlusio,
387 1431 420 1487 et
444 1443 519 1486 cum
536 1415 650 1485 orariis
665 1419 852 1496 concretio,
869 1420 955 1486 unde
967 1425 1051 1511 saepe
1067 1445 1122 1490 ac·
1175 1422 1178 1430 ’

251 1530 369 1608 cidat,
391 1527 535 1606 LXVII,
566 1551 615 1594 ra.
825 1521 827 1529 ἱ
1125 1525 1127 1532 ⁴

202 1641 389 1729 ligamenta.
400 1628 523 1706 ¹Plenus
534 1639 566 1704 in
578 1638 628 1703 his
642 1657 777 1704 nerveus
791 1639 858 1728 jam
876 1634 914 1706 ab
926 1665 1009 1707 anno
1024 1644 1117 1729 1706.

201 1843 206 1854 ,
249 1750 392 1840 primum
417 1747 523 1814 lucrat
536 1747 572 1814 in
593 1747 791 1860 Adversariis
810 1748 981 1816 indicatus.
1004 1751 1118 1830 XLV,

253 1858 292 1923 2'5
312 1859 345 1924 in
362 1858 462 1923 ime.-
550 1875 552 1880 ·
590 1850 595 1859 ’
658 1867 660 1874 “

114 1965 299 2034 Tubercula
319 1966 467 2056 quaedam
490 1987 587 2055 parva
606 1966 722 2054 quibus
738 1968 950 2057 peritonaeum
964 2020 973 2049 ,
987 1974 1119 2060 pleura,

159 2090 216 2144 aut
239 2079 399 2143 viscerum
428 2073 615 2164 superficies
643 2099 727 2166 saepe
754 2077 1005 2168 exasperantur,
1033 2081 1118 2148 unde

156 2189 244 2281 sint,
266 2186 474 2262 XXXVIII,
503 2181 545 2251 55
566 2197 599 2250 et
621 2209 713 2274 seqq.

112 2297 220 2389 Tulpii
245 2297 477 2375 hallucinatio,
502 2293 618 2372 XLII,
643 2297 696 2361 tr.

112 2405 291 2474 Tomeros.¹
307 2407 340 2471 V
341 2407 388 2471 id.
419 2405 672 2494 Carpi2Cranii.
701 2405 817 2494 Spinae.
843 2406 998 2473 Te'stium.

111 2503 269 2584 'I'umores
281 2515 460 2592 llatulenti,
478 2513 537 2580 sub
551 2525 629 2579 cute
644 2515 903 2603 circumscripti,
922 2532 962 2584 a'n
978 2517 1114 2597 dentur,
1131 2571 1134 2581 .

153 2639 188 2693 ct
209 2625 375 2714 quomodo
399 2624 504 2700 fiant,
530 2623 731 2702 XXXVIII,
755 2647 821 2702 aa,
846 2627 897 2690 25.

198 2735 308 2824 magni
324 2757 363 2800 ex
381 2733 516 2798 materia
534 2755 640 2819 neque
666 2731 793 2809 lluida,
819 2758 924 2822 neque
941 2735 1041 2812 liuida
1066 2739 1115 2806 fa.

244 2843 381 2920 cienda,
399 2842 455 2918 L,¹
467 2843 521 2907 ts.

112 2933 117 2966 ί
197 2955 322 3044 cystici.
347 2949 446 3042 Origo
472 2949 591 3015 lro'rum
610 2950 718 3025 varia,
740 2949 870 3028 XXII,
896 2973 947 3016 no.

121 3069 138 3116 ι’
258 3101 261 3110 ‹
287 3062 328 3128 de
356 3059 503 3128 vericulis
528 3057 692 3125 interdum
722 3058 852 3124 inclusis
883 3059 989 3150 aliqua
1014 3067 1113 3134 attin-

330 3183 479 3262 guntur,
504 3167 679 3246 XXXVI,
702 3192 733 3255 9.
765 3165 772 3182 '

194 3265 292 3355 naltae
309 3281 387 3349 dicti
407 3333 416 3358 ,
438 3305 509 3370 quae
531 3291 649 3370 praeter
661 3277 827 3368 vulgarem
845 3283 1032 3370 opinionem
1050 3288 1110 3356 ali-

241 3391 370 3483 quando
389 3391 596 3465 contineant,
617 3388 663 3466 L,
686 3411 743 3476 19,
766 3405 816 3454 no.

192 3503 310 3571 horum
330 3491 561 3589 compressioni
580 3511 738 3586 quantum
754 3495 902 3566 Valsulva
926 3489 1105 3584 tribueret,

240 3613 289 3691 L,
319 3633 368 3698 ¹9·
909 3603 910 3612 ¹

192 3725 248 3814 qui
277 3723 359 3814 pilos
384 3721 419 3788 in
450 3717 656 3796 tumoribus,
688 3718 801 3808 priscis
826 3716 1049 3809 temporibus,
1074 3739 1107 3794 et

95 3825 99 3830 ¹
237 3845 348 3924 postea
367 3829 590 3905 observarint,
616 3825 790 3904 XXXIX,
806 3829 872 3908 'In

26 3965 28 3972 ·
104 3930 283 4024 Tortores,
303 3941 491 4033 sanguinem
508 3939 730 4018 continentes,
753 3936 800 4016 L,
826 3939 879 4004 55.

884 4049 949 4116 ar*
