2828 4678
305 361 370 441 324
645 381 764 426 tuunx
795 385 972 428 nournuu

394 493 562 584 singularis
590 495 644 563 ille
675 485 716 560 de
747 518 811 582 quo
833 497 1019 586 Xenophon
1043 512 1076 565 et
1099 498 1308 570 Plutarchus.

437 605 529 672 Ittu.
844 613 848 622 '

393 717 505 806 ingens
529 715 679 790 semoris,
705 737 763 804 per
779 739 813 782 se
833 739 1037 787 evanescens.
1060 717 1152 788 Itid.

392 825 549 913 quidum
541 849 572 889 rn
589 825 696 912 equis,
709 826 805 914 ligata
823 849 902 891 vena
919 827 960 892 ad
977 851 1030 894 eos
1054 832 1238 926 pertinente
1251 833 1311 900 euss

318 999 321 1004 ,
439 937 525 1013 ruti,
549 948 581 999 et
601 933 791 1024 quomodo,
811 935 861 1012 L,
889 937 943 1016 54.
1030 979 1067 1026 ·.

286 1035 517 1112 ¹'I'umoribus
514 1047 650 1134 opertis,
672 1047 698 1110 si
718 1045 807 1134 puris
823 1045 998 1134 plurimum
1015 1049 1170 1116 continuo
1186 1051 1309 1119 educa·

345 1168 418 1231 tur,
445 1177 502 1220 cur
519 1154 694 1240 deliquium
711 1153 859 1221 accidere
880 1147 990 1222 soleat
1014 1155 1105 1224 Ittd.
1132 1161 1186 1226 55.

301 1253 480 1334 ‘furnorum
505 1247 800 1352 glandulilormium
829 1267 927 1332 etiam
953 1253 1017 1331 ‘ubi
1047 1268 1207 1357 glandulae
1233 1295 1312 1339 esse

343 1397 410 1442 non
425 1377 550 1451 solent,
573 1373 819 1464 observatores,
839 1374 1010 1458 LXVIII,
1039 1379 1090 1482 tl.

387 1483 504 1550 horum
537 1495 606 1547 toto
631 1504 766 1586 corpore
799 1495 854 1548 aut
878 1485 1042 1560 exterius,
1067 1498 1124 1552 eut
1148 1488 1308 1567 interius,

434 1605 491 1658 aut
512 1593 684 1680 utrobique
701 1595 856 1682 exemplu.
878 1591 971 1659 Ibid.
996 1618 1033 1660 12
1053 1608 1086 1661 et
1098 1620 1188 1684 seqq

299 1701 408 1768 'Iussis
424 1715 457 1767 et
471 1701 569 1768 febris
586 1703 805 1790 comparatio,
826 1701 934 1781 XIX,
953 1705 1007 1770 55.

299 1813 407 1880 Tussis
441 1812 611 1878 dirisiones
631 1811 786 1900 quaedam
808 1812 989 1879 secundum
1006 1815 1108 1879 varius
1130 1837 1305 1882 causarum

341 1923 442 1989 sedes.
467 1921 558 1988 Ibid.

475 2027 851 2136 exemplisillustrantur.
868 2023 959 2096 Ib'id.
972 2005 1013 2096 et
1020 2055 1109 2124 seqq.
1126 2045 1160 2098 et
1178 2035 1235 2122 57,
1245 2036 1298 2100 58.

383 2130 548 2230 quomodo
564 2139 771 2206 inducatura
792 2141 896 2206 causis
913 2165 983 2228 quae
1008 2143 1040 2208 in
1064 2145 1194 2212 ventris
1202 2146 1303 2212 visce-

429 2251 519 2317 ribus
535 2249 644 2316 sedem
661 2248 798 2356 habeut,
814 2263 846 2342 et
863 2251 895 2316 in
907 2237 1088 2352 ventriculo
1104 2257 1296 2342 praesertim.

425 2359 596 2456 155557
696 2423 699 2430 .

380 2468 734 2554 οειιεαωῗίηιενᾶυιῃ
726 2470 847 2556 inipso
871 2493 940 2554 esse
962 2471 1068 2560 cupite
1094 2471 1301 2542 demonstra·

426 2594 489 2646 tur.
513 2579 604 2644 Ibid.
636 2581 689 2658 54.
754 2651 759 2660 ,

212 2759 214 2769 ‚
380 2689 543 2781 quomodo
561 2691 719 2756 excitetur
740 2690 779 2754 ab
797 2689 1000 2778 auriscalpio.
1024 2687 1043 2754 I
1046 2687 1114 2754 tiu.

290 2801 399 2870 Tussis
423 2799 631 2878 convulsiva,
654 2799 784 2874 XXVI,
811 2800 864 2864 56.
1155 2885 1157 2892 Α

381 2909 575 3002 cujusdem,
604 2909 643 2974 ab
672 2909 741 3000 aliis
766 2891 897 2974 credite
921 2895 1139 2984 convulsivae,
1166 2932 1298 2978 causam
1404 2983 1405 2988 γ

424 3043 520 3110 quam
538 3017 728 3108 Illalpighius
744 3030 777 3083 et
801 3016 966 3084 Lancisius
992 3041 1060 3112 esse
1077 3068 1085 3099 ,
1105 3033 1297 3095 censerent,

326 3119 330 3128 ’
424 3129 532 3205 XIX,
558 3131 611 3194 55.

289 3239 498 3330 Tympanites
523 3236 666 3326 hydrops
686 3261 766 3302 num
790 3237 904 3325 saepius
928 3247 960 3302 et
977 3249 1137 3324 quatenus
1155 3258 1231 3300 cum
1250 3260 1298 3301 os·
1402 3277 1403 3312 ,

334 3350 398 3416 cite
421 3349 596 3437 jungatur,
622 3345 828 3422 XXXVIII,
864 3369 915 3410 21.
1158 3343 1161 3350 ’

377 3471 467 3525 extra
488 3441 758 3524 ventriculum'et
782 3457 932 3522 intestina
959 3478 1049 3519 rarus
1069 3465 1138 3528 est;
1170 3455 1228 3520 sed
1250 3467 1298 3522 est

422 3553 531 3634 teuren
552 3579 585 3631 et
606 3563 779 3653 quomodo.
806 3546 898 3629 loto.
924 3566 965 3642 ol
986 3576 1019 3628 et
1039 3587 1106 3650 seq.
1154 3617 1159 3630 ,

303 3743 307 3753 ,
378 3690 466 3745 ortus
483 3677 516 3741 in
533 3676 649 3740 morbo
666 3675 763 3740 etiam
788 3685 884 3739 acuto
897 3686 929 3738 et
942 3671 1115 3760 quomodo.
1136 3667 1226 3736 loto.
1240 3675 1292 3738 25.

287 3799 360 3879 post
375 3785 569 3864 chronicos,
593 3808 634 3853 uu
649 3808 708 3874 per
724 3769 1011 3859 constrictionem,
1037 3806 1078 3848 an
1097 3805 1156 3870 per
1171 3781 1293 3848 relaxa·

333 3898 453 3965 tionem
471 3895 627 3996 fibrarum
639 3906 688 3962 cst
705 3872 923 3984 explicandus.
948 3891 967 3958 I
971 3889 1039 3956 tut
1055 3903 1088 3958 ot
1107 3913 1174 3978 seq.
