2822 4680
406 457 452 503 ss
475 455 602 502 aaran
628 454 893 504 nossemus.
1088 435 1149 529 167

201 619 204 624 -
238 553 295 656 qui
324 567 399 632 olim
433 566 540 654 potins
571 589 588 630 a
617 564 878 631 convulsionibus
907 616 916 643 ‚
951 567 1142 636 laedentibus

175 748 178 752 .
287 677 431 767 optinum
451 697 610 751 nervum,
634 676 724 740 illum
748 675 951 741 deduxerint.
977 676 1068 743 Ibid.

242 785 438 860 decadem,
463 783 591 849 vulnere
616 783 777 872 supercilii
813 795 1053 872 consequente,
1075 788 1151 878 Hip-

288 894 428 983 pocratis
449 893 539 958 Iocus
554 891 741 981 explicatus.
760 891 872 972 laid..

240 1003 280 1070 de
304 1004 416 1070 cadem
439 1003 477 1068 ab
496 1001 563 1067 niiis
582 1004 706 1079 causis,
725 1002 831 1080 XIII,
858 1005 900 1080 6,
928 1027 988 1082 11,
1012 981 1063 1072 nn.

243 1135 314 1178 eam
327 1111 515 1178 simulantes
527 1109 689 1200 quomodo
698 1110 1047 1209 sintldeprehendendi,
1058 1114 1152 1193 XIII,
1255 1153 1258 1158 ·

295 1225 344 1288 15.
998 1307 999 1312 ἵ

150 1333 390 1422 Amputationis
408 1332 511 1397 cruris
532 1332 705 1408 cancrosi‚
724 1343 757 1396 et
779 1353 891 1396 eorum
913 1349 983 1420 quae
1008 1333 1154 1401 insecuta
1184 1355 1188 1360 ·

199 1455 297 1518 sunt,
321 1441 473 1516 historia,
488 1439 515 1506 V
531 1489 540 1518 ‚
559 1442 590 1520 4.
831 1481 833 1486 -

151 1551 341 1640 Amyandus
372 1601 381 1628 ‚
414 1549 528 1617 Claud.
559 1551 618 1637 Eq.
652 1561 685 1615 et
707 1547 745 1614 R.
774 1544 952 1639 Chirurgus
979 1548 1148 1630 laudatus,

199 1660 329 1737 XXX,
357 1663 388 1725 8.
526 1675 528 1680 ‘

152 1770 315 1836 Anasarca
339 1769 502 1857 quomodo
518 1793 557 1835 ex
581 1771 716 1859 gelatina
734 1769 874 1858 quadam
890 1767 962 1836 fieri
982 1771 1157 1850 videatur,

200 1879 406 1956 XXXVIII,
427 1881 492 1957 26,
521 1901 573 1968 27.
971 1869 974 1876 ¹

245 2013 320 2057 cum
338 2001 453 2078 magna
475 2002 606 2054 estnon
625 1989 730 2054 solum
750 1989 812 2055 sub
829 2001 904 2070 cute
920 1989 1030 2056 sedem
1046 1988 1156 2057 habet.

289 2098 380 2165 Ibid.
1038 2159 1060 2191 u

246 2210 278 2274 in
288 2207 480 2298 caproficua
491 2207 551 2272 fuit
566 2219 660 2296 epota
674 2207 821 2296 juvencae
832 2209 922 2274 urina
937 2260 949 2286 ,
965 2209 1160 2288 XXXVIII,

297 2341 356 2409 ιο.)
855 2326 858 2330 ’

155 2428 330 2496 Δηειοπιεε
347 2426 387 2492 ad
413 2429 549 2494 latentes
573 2427 763 2492 morborum
788 2447 902 2492 causas
925 2425 1161 2516 dignoscendas

119 2601 123 2606 ,
203 2538 350 2614 utilitas,
377 2535 543 2611 XLVIII,
568 2537 624 2614 64.

246 2646 340 2712 etad
362 2658 511 2711 externos
533 2643 782 2718 discernendos.
803 2642 853 2720 L,
883 2644 938 2708 26.

250 2739 474 2820 adiacentem
499 2777 681 2818 ozaenarum
697 2753 912 2841 quarumdam
935 2755 1136 2820 curationem
1150 2803 1164 2832 ‚

293 2863 400 2958 XIV,
430 2886 484 2928 aa.

159 2977 333 3043 Inatomes
354 2973 563 3063 diligentioris
588 2972 628 3036 ad
652 2969 918 3060 predicendum,
937 2983 969 3036 et
988 2972 1029 3036 ad
1046 2995 1167 3038 curan-

206 3085 285 3149 dum
299 3081 439 3160 utilitas,
460 3081 640 3148 XXXVIII
657 3131 667 3156 ‚
687 3106 717 3166 7.

251 3194 422 3260 necessitas
437 3193 477 3257 ad
489 3205 663 3258 anatomen
674 3191 863 3279 practicam.
881 3188 972 3254 Pras.
983 3189 1030 3258 ad
1041 3189 1120 3256 libr.
1133 3213 1169 3268 ι.
1211 3245 1214 3248 .

162 3303 322 3370 Anatorne
344 3303 487 3392 practica
506 3300 635 3390 quando
654 3351 665 3377 ‚
684 3313 717 3364 et
730 3299 785 3364 ubi
805 3299 975 3389 inceperit.
1003 3299 1093 3364 Praef.
1126 3300 1169 3365 ad

208 3413 285 3490 libr,
310 3435 341 3477 n.
406 3403 408 3410 ¹

254 3548 271 3588 a
293 3523 410 3610 quibus
427 3520 460 3584 in
477 3519 566 3584 Italia
591 3519 753 3607 primum,
771 3530 804 3582 et
822 3517 898 3584 aiibi
911 3518 1048 3591 exculta.
1072 3517 1094 3582 I
1097 3518 1168 3584 tid.

254 3653 392 3719 quorum
415 3627 564 3718 plurimae
587 3627 656 3714 ejus
687 3628 814 3718 gene-ris
835 3628 993 3716 perierint
1016 3628 1170 3692 observa-

300 3742 414 3805 tiones.
435 3737 528 3803 Itid.

257 3848 422 3938 quomoda
444 3845 673 3936 promovenda.
692 3845 783 3912 Praei.
805 3845 846 3910 ad
866 3844 940 3910 Iihr.
964 3847 995 3909 5.

135 3965 139 3970 ’
169 3960 343 4028 Αητιῒοιηθε
370 3959 524 4048 practicae
545 3954 678 4024 utilitas.
707 3955 798 4022 Praei,
827 3954 867 4020 ad
883 3955 985 4030 libr„
1005 3977 1016 4018 t
1033 3976 1098 4032 ,2,
1122 3957 1170 4033 5,

215 4071 285 4148 laet
307 4070 340 4133 5.
