2850 4676
363 467 413 514 ΒΤ
444 464 566 512 uuuuu
597 465 861 513 uernularum
986 503 987 506 ,
1047 469 1111 538 207
1154 473 1173 509 'a

288 589 322 644 et
343 601 429 642 mors
446 577 622 664 repentina.
643 575 664 640 I
667 575 734 640 bid.
756 588 789 641 et
803 575 940 656 XVIII,
962 583 992 647 5.

289 688 346 754 sed
364 688 434 753 Iraec
454 711 518 752 non
539 711 684 776 semper,
707 687 857 765 XXVII,
888 691 937 755 15.

290 795 1110 900 undehaedilatationes,etquomodofiant,XVIII,

335 910 367 984 4.
391 906 498 980 XXI,
523 907 577 984 54.

104 1017 225 1084 cordis
244 1015 495 1081 ventricolarum
521 1026 592 1078 uter
611 1038 628 1078 a
651 1001 791 1102 quanam
813 1038 908 1081 causa
933 1015 1107 1096 dilatetur,

154 1126 295 1200 XVIII,
321 1127 351 1190 5.
374 1122 524 1197 XXVII,
553 1125 602 1201 ι4.

199 1247 272 1300 uter
285 1235 421 1322 saepius,
444 1231 579 1308 XVIII,
602 1233 632 1296 5.
710 1271 713 1274 -

197 1344 387 1414 nurnrarius
412 1343 564 1419 sinister,
586 1365 683 1428 quam
698 1341 768 1429 ejus
784 1343 939 1410 auricula.
965 1343 1056 1411 ltid.

196 1473 256 1521 cur
281 1453 395 1541 saepius
415 1453 469 1518 hic
489 1502 498 1527 ,
523 1474 621 1539 quam
637 1449 717 1516 alter
734 1450 893 1528 debilior,
912 1451 968 1519 eeu
986 1453 1106 1524 dexter.

243 1562 337 1628 Ittd.
644 1561 648 1566 ’

197 1673 346 1749 dexteri,
371 1671 508 1759 ejusque
525 1665 677 1734 auriculae
696 1667 966 1748 dilatationem,
987 1684 1020 1738 et
1036 1697 1112 1762 qua·
1143 1705 1145 1712 ·

244 1794 338 1846 tenus
358 1780 484 1868 signum
517 1780 557 1843 sit
589 1779 783 1867 jugularium
803 1801 957 1846 venarum
978 1784 1112 1848 exterio-

244 1914 317 1956 rum
341 1889 519 1986 pulsatio.
517 1888 596 1952 Viu.
619 1888 764 1977 Iugular.

293 1997 391 2064 aIia
367 2021 474 2086 signa,
501 1971 639 2072 XVIII,
671 2020 720 2060 ιι.

291 2106 369 2194 quid
392 2106 479 2170 de'
455 2129 545 2194 signo
565 2105 738 2193 apulsibus
757 2105 858 2192 petito
884 2108 1115 2176 attendendum

282 2237 284 2242 ·
336 2217 387 2280 sit.
411 2213 503 2278 latu.

109 2326 228 2394 Cordis
247 2323 499 2392 ventriculorum
513 2323 692 2388 dilatationi
709 2321 871 2409 quomodo
886 2323 1049 2392 Interdum
1062 2328 1116 2392 ad-

155 2439 268 2526 junctq
292 2436 333 2500 sit
362 2445 456 2500 aucta
484 2434 645 2521 parietum
669 2431 870 2510 crassitudo,
900 2432 1029 2512 XVIII,
1059 2438 1112 2502 55.
1218 2501 1220 2506 ,

158 2543 508 2622 Vid.etXVII,15.
586 2559 641 2581 ¹'

204 2663 328 2722 eorum'
353 2653 589 2741 disruptionem
625 2651 680 2739 qui
715 2651 810 2740 primi
844 2652 1115 2734 observaverint,

252 2762 407 2839 XXVII,
439 2787 470 2827 1.

296 2872 393 2961 hujus
416 2893 530 2936 novem
553 2881 608 2934 aut
631 2867 745 2942 decem
769 2869 915 2958 exempla
945 2873 1117 2961 proferun.

245 2997 248 3003 '
340 2995 404 3046 tur.
431 2979 522 3046 ltin.
547 2989 580 3043 et
605 3000 752 3066 seqq..

296 3089 460 3156 Lancisius
485 3111 613 3176 quoque
635 3086 712 3152 vidit
727 3085 846 3174 plura,
864 3087 1012 3168 XXVII,
1039 3094 1071 3158 6.

299 3199 430 3275 etalii,
460 3197 583 3273 LXIV,
612 3201 700 3277 rhet
712 3219 800 3285 seqq

300 3311 417 3398 quihus
446 3309 591 3374 acausis
624 3307 711 3383 fiat,
737 3305 891 3386 XXVII,
921 3333 965 3388 1,
991 3313 1038 3388 6,
1069 3337 1118 3393 ro,

350 3415 563 3491 LXIV,1II.

305 3549 364 3592 cur
386 3526 501 3613 saepius
527 3525 691 3612 contingat
721 3527 753 3590 in
776 3527 904 3591 sinistro
922 3531 1125 3612 ventriqulo,

347 3657 445 3722 quarn
459 3635 490 3699 in
514 3633 668 3710 dextero,
698 3633 847 3711 XXVII,
871 3659 920 3700 ιο.

304 3765 362 3809 cur
373 3745 413 3808 ab
431 3745 498 3808 ictu
519 3741 642 3808 facilius
659 3744 691 3808 in
717 3743 872 3819 dextere,
894 3743 992 3819 LIII,
1020 3747 1073 3826 54.
1156 3813 1161 3820 ,

126 3851 243 3922 Cordis
266 3854 438 3918 ventriculi
455 3851 546 3940 quasi
566 3852 650 3916 inter
667 3877 700 3917 se
719 3855 912 3941 permutatI,
938 3852 1052 3931 XVII,
1065 3880 1123 3930 re.

218 3965 380 4057 polyposae
395 3963 428 4027 in
445 3963 484 4026 iis
504 3973 560 4026 ant
577 3962 610 4026 in
629 3962 780 4030 auriculis
796 3962 1027 4032 concretiones.
1045 3963 1077 4028 V
1078 3966 1125 4031 id.

265 4070 378 4160 Polypi
391 4071 424 4138 in
439 4073 497 4137 viia
513 4071 685 4160 sanguinis.
