2850 4676
381 450 864 503 nrarsuuuoraaratna.
936 484 939 489 -
1054 451 1118 538 1195

130 569 217 639 Cava
237 591 318 636 vena
345 567 377 638 in
397 577 508 631 ventre
525 570 550 626 ¹a
574 564 707 630 sinistris
730 579 827 651 nortae
856 559 1058 655 ascendens,
1087 593 1120 646 et

173 679 290 746 deinde
315 701 372 766 per
409 675 602 739 anteriorem
636 673 732 762 hujus
757 675 873 742 faciem
895 686 1050 752 transiens
1079 691 1120 755 ad

171 789 342 862 dexteras,
366 783 464 858 LVI,
488 783 540 848 51.
751 771 759 792 ‘

126 901 221 966 Cavae
232 897 399 986 parallelus
414 917 547 959 venosus
560 892 728 964 trunculns
741 893 773 960 in
786 906 913 976 ventre,
926 899 1118 978 XLVII,50,

127 1009 221 1074 Cavae
237 1007 356 1072 varices
373 1001 521 1090 quanda,
539 1013 571 1066 et
583 1001 745 1088 quomodo
762 1003 1100 1090 inquirendae,XXVI
1110 1064 1119 1091 ,

176 1141 228 1204 27.
812 1125 814 1128 ’

217 1249 276 1291 cur
290 1224 410 1288 varices
428 1233 460 1286 et
477 1220 641 1308 ruptionas
654 1221 777 1286 facilius
798 1223 830 1286 in
849 1223 910 1289 hae
928 1247 1006 1294 vena
1027 1255 1123 1320 quam

261 1335 294 1398 in
310 1331 490 1419 pulmonari
507 1329 608 1406 Iiant,
635 1329 748 1397 XXVI
766 1381 774 1405 ,
796 1355 846 1410 27.

216 1444 323 1531 ruptio
341 1441 379 1504 ab
392 1439 526 1504 ‘Aretaeo
547 1451 745 1514 memorata,
769 1439 907 1519 XXVI,
936 1447 987 1510 28.

307 1573 324 1614 a
350 1549 465 1636 quihus
485 1571 593 1614 revera
612 1549 789 1614 observata.
808 1549 828 1615 I
832 1549 898 1616 bid.

127 1662 354 1728 Caustieorum
372 1683 446 1724 usus
466 1659 541 1731 ubi,
560 1668 592 1722 et
608 1657 736 1744 quando
745 1659 961 1747 periculosus,
978 1664 1053 1742 LV,
1068 1691 1119 1736 21.

127 1773 242 1839 Celsus
276 1788 354 1836 num
382 1767 640 1834 eontrafissuram
661 1769 790 1856 proprie
813 1769 933 1836 dietam
955 1780 1121 1862 posuerit,

173 1881 241 1956 LI,
262 1881 316 1957 dr.

217 2011 314 2076 quam
323 1986 466 2051 herniam
479 1985 607 2050 ramicis
616 1979 747 2052 nomine
757 1985 989 2078 designaverit,
1003 1992 1123 2074 XLIII,

267 2097 319 2162 56.
485 2113 497 2154 s

217 2229 369 2272 cancrum
396 2205 473 2270 ossis
500 2227 578 2268 num
595 2205 846 2300 memoraverit,
881 2206 961 2286 LV,
984 2233 1033 2297 ¹7·

216 2316 400 2404 Pterygium
418 2335 569 2401 semper,
589 2313 676 2378 nulla
692 2313 835 2380 variante
852 2319 1014 2394 lectione,
1031 2321 1127 2400 Iatina

180 2400 184 2414 Ι
260 2447 400 2513 unguem
423 2424 456 2488 in
474 2420 568 2486 oculo
585 2422 665 2487 dixit
682 2473 690 2498 ‚
708 2422 814 2501 XIII,
850 2427 901 2491 25.

215 2535 285 2623 ejus
294 2533 357 2598 loei
375 2529 608 2619 interpretandi
622 2545 654 2596 et
665 2531 858 2600 emendandi
868 2549 1012 2612 conatus,
1028 2539 1078 2616 II,
1094 2564 1124 2607 a.

214 2643 254 2708 de
271 2645 370 2708 altero
388 2639 466 2728 quid
482 2639 639 2706 Anatome
655 2653 798 2728 posteros
828 2643 1073 2724 docuerit,LII,
1096 2675 1123 2714 1.

122 2753 298 2842 Gepha'lioa
318 2775 397 2820 vena
413 2753 445 2816 in
466 2750 636 2836 eujusdam
652 2750 786 2815 brachio
803 2750 889 2816 nulla
910 2803 918 2828 ,
945 2753 1041 2832 LIV,
1067 2759 1121 2837 44.

31 2855 33 2858 ’
122 2863 260 2930 Cerebri
276 2861 461 2948 meringum
477 2856 634 2947 glandulae
656 2856 829 2923 Paconiani
847 2859 1046 2938 dietae,olim
1064 2889 1129 2932 non

61 3017 64 3020 -
171 2974 316 3062 ignotae,
350 2967 446 3050 VIII,
478 2969 507 3032 ὃ.

94 3105 98 3114 ⁴
214 3079 400 3166 meningum
417 3075 628 3141 irritationem
642 3096 681 3140 an
696 3063 924 3140 convulsiones‘
936 3094 1125 3165 sequantur,

263 3187 431 3252 contrarias
447 3185 595 3272 utrinque
608 3185 843 3248 ohservationes
863 3195 896 3249 et
910 3189 1128 3276 experimenta

263 3296 502 3369 conciliantur,
529 3295 600 3370 IX,
632 3315 684 3358 ar.
810 3377 814 3384 Ι

213 3407 246 3471 in
270 3405 350 3469 dura
373 3404 522 3492 meninge
542 3403 669 3467 inventa
691 3413 766 3467 sunt
787 3424 860 3496 vera
888 3426 984 3480 ossa,
1005 3405 1123 3484 XXV,

212 3583 215 3585 -
263 3517 312 3592 8⁹
338 3537 369 3600 9·
566 3594 568 3598 .

305 3646 384 3690 num
400 3611 493 3709 sig‘na‘
506 3618 646 3684 habeant
658 3620 842 3709 peculiaria.
862 3616 953 3692 lbid.

280 3791 283 3794 .
305 3757 383 3799 num
393 3730 541 3796 remediis
549 3728 617 3818 ¹tolli
629 3728 763 3817 possint,
774 3741 829 3792 aut
838 3729 1017 3816 prohiberi.
1030 3729 1051 3794 I
1053 3727 1122 3795 hid.

215 3843 248 3908 in
268 3843 337 3928 ejus
360 3839 441 3906 falce
466 3863 500 3906 os
529 3858 681 3926 magnum
698 3837 956 3925 deprehensum,
975 3837 1041 3916 III,
1055 3878 1057 3883 ·
1072 3861 1122 3906 20.

146 4011 153 4020 .
193 3990 198 3996 ·
265 3950 323 4016 alia
340 3972 492 4035 quoque,
516 3946 634 4020 XXV,
662 3947 681 4010 6
701 3993 710 4022 ,
733 3949 764 4012 8.

883 4052 951 4120 15*
1025 4100 1028 4104 -
