2828 4678
369 443 417 486 ar
448 417 872 490 annun-nortmanni.
1062 417 1124 506 527
1196 424 1198 432 ’

201 559 235 616 at
255 549 427 639 gummatis
445 549 572 614 venerei
594 548 635 612 ed
655 548 868 625 malleolum,
897 543 1026 626 LVIII,
1045 551 1076 614 8.

294 668 327 724 et
344 675 432 745 seqq.
464 669 496 722 et
520 655 607 721 alibi.

101 762 103 767 ¹
206 768 298 855 penis
322 767 465 868 excisio,
493 765 545 842 L,
572 767 624 843 ὁρ.

203 874 277 942 felix
304 877 443 966 ingentis
470 874 662 942 exulceratae
687 897 837 942 mammae
864 874 1023 964 paulatIm
1048 899 1126 965 per·
1255 909 1259 917 ¹

253 985 336 1051 fecta
367 986 496 1080 excisio.
521 985 542 1050 I
545 984 615 1052 tid.
648 971 708 1050 rub

110 1057 264 1164 Vblsalra
273 1117 372 1183 quam
386 1096 419 1160 in
436 1095 562 1160 narium
580 1095 708 1183 polypis
723 1105 776 1171 ‚et
792 1095 957 1169 ulceribus
974 1095 1126 1162 curandis

158 1204 428 1273 consuetudinem
454 1217 607 1282 teneret,
631 1201 732 1280 Xlll,
771 1227 831 1291 19,
860 1227 912 1270 aa.

209 1337 309 1404 qnam
321 1315 353 1380 in
366 1313 658 1381 haemorrhoidibus
670 1314 768 1380 et-ani
781 1314 965 1389 ulceribus,
978 1313 1123 1380 XXXII.

263 1427 313 1490 15.
826 1467 833 1484 .

204 1551 303 1622 quam
317 1531 622 1622 inhaemorrhagiis,
637 1531 738 1608 XIV,
759 1534 811 1598 25¹.
826 1531 980 1608 XXXII,
1001 1555 1057 1608 ra,
1075 1535 1125 1599 15.
1173 1502 1182 1516 Ι

207 1641 371 1732 quodnam
393 1642 620 1707 memoraverit
639 1643 891 1713 instrumentum
909 1641 1064 1706 adsersus
1076 1643 1128 1709 ani

252 1754 285 1818 in
302 1751 494 1840 ,dejiciendo
510 1749 696 1840 prolapsum
710 1764 727 1828 ,’
739 1752 913 1828 XXXIII,
946 1754 995 1819 ιθ.

205 1862 321 1949 quibus
346 1873 489 1927 uteretur
511 1861 666 1950 praesidiis
688 1861 728 1928 ad
757 1860 951 1950 palliativam
977 1863 1131 1952 gravium

29 2037 33 2066 Ι
147 1967 150 1972 ’
262 1972 404 2038 IntestIni
425 1971 504 2036 recti
520 1972 672 2035 vitiorum
686 1971 900 2038 curationem.
921 1971 1076 2063 XXXII,
1095 1996 1125 2059 9.

207 2104 271 2169 qno
288 2080 439 2146 adversus
455 2079 542 2146 luem
564 2105 762 2156 veneream,
786 2080 914 2157 LVIII,
948 2083 998 2148 rb.
1203 2067 1207 2074 ’

208 2214 274 2278 qno
296 2190 337 2258 ad
358 2213 493 2256 cancros
512 2191 620 2266 uteri,
646 2203 702 2254 aut
725 2213 941 2256 mammarum
960 2190 1130 2256 retardan-

179 2333 186 2352 ·
214 2333 229 2373 ,·
255 2300 336 2376 dos,
363 2299 534 2377 XXXIX,
562 2301 615 2365 55.

208 2433 279 2498 quae
294 2410 448 2498 probaret
475 2421 531 2476 ant
553 2409 757 2498 improbaret·
769 2409 809 2482 in
833 2408 949 2474 vesicae
964 2408 1101 2476 calculis
1119 2460 1128 2485 ,

258 2519 370 2594 XLII,
398 2519 449 2583 16.
516 2591 518 2598 ¹

211 2627 245 2695 in
279 2622 419 2694 ischuria
444 2626 602 2702 resiceli,
636 2627 662 2692 si
685 2645 798 2715 neque¹
823 2649 881 2715 per
903 2627 1131 2705 catheterem,

234 2761 366 2826 ‹nequc
389 2761 447 2826 per
477 2737 688 2826 punctionem
720 2738 850 2826 perinaei
882 2736 1022 2820 liceret,
1057 2761 1135 2826 quo·
1265 2807 1268 2814 ,

259 2847 357 2912 modo
376 2847 491 2912 lotium
504 2845 714 2914 educendum
731 2857 888 2911 censeret·
911 2846 1003 2912 Ibid.
1026 2847 1079 2911 56.

149 2959 177 3015 ,’
215 2954 440 3044 glutinosum,
467 2969 500 3021 et
529 2969 626 3022 tenax
657 2978 737 3043 pus,
756 2955 789 3020 in
814 2955 913 3019 urinis
940 2954 1136 3033 subsidens,

262 3065 366 3130 rarius
386 3065 426 3129 ab
449 3063 603 3138 renibus.
631 3087 728 3152 quam
754 3064 793 3128 ab
812 3051 966 3152 subjectis
981 3049 1137 3159 ⁸partilius

263 3173 443 3263 repetebat.
469 3173 560 3242 lttd.
588 3175 644 3254 44.
873 3171 875 3175 ’

116 3275 271 3354 ¹Valvnlae
295 3282 432 3350 Bauhini
453 3279 518 3351 duo
545 3282 670 3371 adjecta
697 3281 796 3348 fraena
819 3301 973 3374 magnam
994 3307 1141 3373 persepe

174 3405 330 3482 prestant
352 3391 542 3469 utilitatem,
567 3390 743 3470 XXXIV,
770 3393 824 3457 50.

129 3501 342 3578 Vandellius‚
375 3501 507 3566 Hieron.
541 3500 576 3565 Ρ.
608 3499 693 3565 Prof.
729 3501 927 3576 patavinus,
964 3483 1140 3580 laniatus,
1268 3553 1270 3561 .

135 3619 139 3629 ’
172 3612 286 3689 XIII,
315 3611 366 3678 25.
395 3609 490 3684 LVI,
519 3633 572 3696 27.
588 3607 752 3686 LXVIII,
782 3612 813 3676 8.

132 3721 230 3800 Vari,
247 3721 348 3810 lgnat.
370 3718 404 3783 P.
414 3717 504 3784 Prof.
522 3714 755 3794 Ferrariensis,
774 3716 946 3792 laudatus,
965 3716 1088 3796 LXIV,
1109 3723 1140 3788 δ’.

135 3829 282 3898 Variolas
295 3830 391 3896 etiam
410 3829 486 3895 alibi
509 3851 604 3924 quam
620 3827 653 3892 in
672 3839 770 3904 cute,
789 3850 850 3894 nec
862 3839 978 3900 ,tamen
995 3826 1098 3892 solnm
1113 3831 1146 3895 in

5 3947 7 3970 ³
118 4035 121 4040 Ι
159 3979 161 3984 -
185 3938 361 4008 visceribus
376 3951 454 4008 tunc
466 3937 655 4030 provenire,
668 3937 864 4016 ostenditur,
879 3935 1007 4015 XLIX,
1020 3939 1079 4018 tt,
1091 3941 1147 4021 54.
