2850 4676
315 468 375 556 178
644 481 762 528 ruurx
790 481 967 528 ueurrurr

398 585 431 660 iii
446 588 557 658 vitium
572 587 604 652 in
623 608 684 652 anu
700 633 710 664 ,
728 589 943 678 nonagenaria
958 589 1075 678 mojori
1092 639 1101 665 ,
1120 589 1172 658 rix
1185 589 1313 664 uIIum,

443 694 585 769 LXVII,
608 717 657 758 rr.

489 823 552 890 quo
576 800 706 866 inferius
729 800 965 880 descendebat,
992 826 1032 870 eo
1052 805 1158 892 majus
1179 803 1312 884 fiebat,

533 909 675 987 LXVII,
710 913 775 990 14,
801 913 850 978 15.

491 1031 645 1109 quantum
663 1019 747 1086 obsit
758 1021 919 1110 sanguinis
937 1018 1158 1098 circulationi‚
1176 1021 1308 1102 XXVI,

533 1127 587 1193 52.
608 1125 754 1202 LXVII,
770 1129 831 1194 rs.

490 1247 645 1325 quantum
659 1236 689 1302 ei
701 1236 859 1302 tribueret
872 1235 1063 1304 Santorinus
1074 1287 1083 1316 ,
1094 1238 1225 1317 XXVI,
1244 1241 1308 1318 56,

477 1392 481 1400 .
534 1345 588 1410 58.
1004 1331 1010 1350 ‘

450 1525 453 1532 ,
488 1475 558 1542 quae
571 1450 711 1518 remedia
725 1454 896 1520 convenire
909 1466 986 1522 tuuc
1000 1455 1143 1545 possint,
1160 1455 1305 1532 XXVII,

533 1562 585 1626 50.

489 1672 624 1737 muculae
637 1689 707 1756 quae
720 1671 845 1736 illerum
859 1672 1104 1739 concretionum
1117 1673 1207 1740 initia
1220 1687 1307 1750 sunt,

532 1777 744 1868 quamsedem
758 1779 898 1846 babeant
918 1793 951 1846 ct
967 1791 1142 1858 naturam,
1167 1781 1306 1859 XXVII,
1414 1791 1415 1808 ¹

534 1889 599 1963 26,
629 1909 680 1973 27.

311 2001 509 2073 Arteriarum
527 1999 658 2064 internae
687 1997 940 2064 exulcerationes
961 2019 1036 2064 cum
1053 1997 1142 2065 duris
1158 1999 1218 2066 illis
1234 2023 1305 2066 eon-

220 2118 224 2136 '
354 2108 550 2179 cretionibus
564 2155 573 2186 ,
598 2119 630 2172 ct
652 2107 691 2171 eb
710 2105 771 2172 illis
784 2107 874 2174 saetae
887 2149 904 2183 ,κ
918 2119 951 2174 et
964 2107 1033 2174 sine
1045 2107 1129 2188 IIIis,
1154 2108 1302 2186 XXVII,

355 2243 395 2288 ²²
411 2271 420 2298 i
448 2217 776 2412 fiiiuiiiillisractas
787 2335 880 2390 antee
890 2325 1089 2414 agnoverint,
1100 2325 1241 2402 XXVII,
1253 2328 1300 2405 24.

487 2455 602 2520 magna
633 2432 672 2496 ab
707 2433 744 2496 iis
769 2431 1059 2500 exulcerationibus
1089 2433 1300 2510 detrimenta,

530 2517 683 2618 xxvii,
701 2543 753 2619 24.

185 2714 186 2722 ,
309 2652 508 2722 Arteriurum
525 2649 672 2714 emnium
697 2647 836 2737 pulsatio
852 2625 1134 2718 vehementissima
1150 2652 1236 2720 unde
1249 2653 1301 2729 sit,

210 2756 212 2760 ’
354 2756 490 2834 XXIV,
513 2757 565 2824 55.
586 2756 726 2833 XXIX,
753 2779 813 2833 eo,
834 2779 885 2822 21.
906 2756 1039 2836 LXIV,
1063 2783 1113 2828 ro.

286 2877 288 2886 ’
310 2867 491 2937 Arteriosus
512 2863 708 2932 canaliculus
723 2866 756 2930 in
774 2866 890 2932 arteria
908 2865 1009 2933 adulti
1022 2867 1301 2958 pulmonariaper·
1413 2921 1414 2974 ἦ

353 2989 425 3052 tus,
448 2973 529 3049 LX,
558 2975 590 3052 4.

308 3083 534 3153 Arteriotomia
562 3081 713 3147 adversus
732 3083 897 3160 maniam,
922 3078 1026 3178 VIII,
1050 3086 1083 3163 Δ.

308 3191 469 3260 Arthritis.
498 3189 530 3254 V
531 3188 578 3254 id.
599 3169 696 3256 etiem
714 3187 878 3256 Ischiadis.
900 3187 1056 3279 Podagre.

397 3324 456 3367 cur
472 3297 642 3386 aliquando
662 3323 727 3365 non
756 3299 916 3387 incipiuta
932 3297 1093 3388 pedibus,
1112 3298 1201 3367 LVII
1219 3349 1228 3376 ,
1248 3302 1278 3379 4.

397 3431 478 3496 quos
498 3406 648 3472 articulos
670 3409 865 3494 nunquam?
885 3431 966 3496 quos
984 3409 1097 3498 saepius
1124 3420 1251 3486 tentet,
1273 3416 1303 3474 et

442 3539 510 3584 cur.
530 3514 618 3580 Ibr'd.

396 3625 563 3690 interieris
581 3624 687 3712 pueris
705 3623 884 3720 observatu.
903 3623 994 3690 leid.

308 3730 477 3800 Arthitidis
497 3754 600 3797 causae
622 3727 747 3818 plures,
759 3729 869 3808 LVII,
889 3733 907 3796 ὅ
926 3744 959 3796 et
977 3753 1066 3820 seqq.

395 3841 529 3906 materia
561 3841 600 3902 ab
625 3839 766 3903 articulis
790 3836 978 3927 prohibite,
1003 3839 1125 3905 nedum
1150 3837 1300 3928 repulse,
1412 3837 1413 3872 ¹

441 3971 538 4035 quem
551 3935 763 4034 periculosa,
784 3946 892 4024 LVII,
915 3971 934 4034 9
963 3961 995 4014 et
1015 3933 1103 4036 seqq.
1412 3953 1413 3962 ’

396 4075 475 4122 num
484 4056 518 4120 in
527 4043 738 4124 articulorum
750 4077 827 4121 cava
836 4054 1297 4146 penetrarenequeat,LVII,5.
