2850 4676
344 447 393 496 nr
421 447 549 494 22222
588 445 849 494 2222222222.
1004 429 1097 522 ’229

184 557 370 628 cicatricem
386 557 559 646 quamdam
584 558 670 623 unde
690 557 840 626 habuerit
858 609 866 636 ‚
884 555 1025 649 aliasque
1037 564 1099 630 ha·

235 671 313 735 bere
331 669 453 756 possit,
471 667 676 744 XXXVIII,
704 669 757 746 4-5.

94 777 218 844 (lerdis
243 777 343 842 totius
373 777 535 863 absumpti
552 775 759 846 incredibiles
790 780 1047 863 observationes,
1073 789 1099 853 si

143 887 222 975 quid
237 887 303 952 veri
318 885 440 950 habent
458 933 467 960 ,
493 883 656 970 quomodo
669 887 884 974 explicandae,
902 893 997 962 XXV
1013 945 1021 972 ,
1041 919 1093 960 22.

189 997 377 1087 plusquam
393 994 498 1063 media
511 1007 603 1083 parte
619 997 801 1087 absumpti,
823 1001 985 1088 quomodo
1001 1002 1100 1091 intel·

235 1104 393 1193 ligendaa,
419 1103 537 1180 XXV,
563 1125 625 1191 19,
651 1128 703 1170 22.

99 1214 218 1282 Gordia
230 1211 361 1280 vulnera
379 1235 438 1278 cur
452 1211 556 1278 multo
571 1215 693 1278 rariora
710 1216 832 1282 sinistri
846 1217 1012 1284 ventriculi
1024 1221 1100 1295 sint,

146 1350 245 1416 quarn
263 1326 387 1392 dexteri
405 1369 415 1404 ‚
441 1326 542 1404 LIII,
570 1347 621 1412 27.
895 1331 897 1338 ’

146 1467 151 1470 ·
192 1436 252 1506 etsi
283 1436 368 1500 intra
401 1433 599 1502 ventriculos
623 1437 834 1522 pervenient:
864 1448 971 1502 tamen
986 1435 1105 1503 diutius

237 1544 401 1610 interdurn
425 1545 566 1622 vivitur,
585 1567 682 1633 quam
704 1545 837 1612 Veteres
864 1546 1044 1635 putabant,
1070 1559 1103 1612 et

235 1683 307 1726 cur.
327 1658 419 1732 Ibid,
450 1659 530 1724 Via.
555 1660 643 1737 etb,
668 1663 700 1740 d.

192 1767 287 1858 longe
309 1779 417 1869 tepren
435 1770 567 1846 minus„
583 1770 611 1834 si
633 1771 718 1835 intra
735 1771 916 1848 sinistrum,
939 1769 1030 1847 LIII,
1052 1791 1104 1857 27.

102 1875 270 1953 cornelii,
297 1875 451 1965 Georgii,
472 1876 505 1942 S.
540 1876 578 1944 R.
615 1879 651 1942 Ε.
681 1878 879 1955 cardinalis,
904 1892 936 1944 et
959 1879 1109 1968 Episcopi

150 1987 296 2052 Patavini
321 1986 452 2063 morbi,
479 2011 565 2053 mors
590 2000 623 2053 et
648 1987 825 2065 dissectio,
849 1984 960 2064 LVII,
990 2013 1039 2054 ιο.

103 2097 220 2162 Cornu
237 2097 269 2163 in
286 2097 370 2162 senis
387 2096 534 2184 sincipite
551 2121 590 2162 ex
609 2117 743 2163 verruca
763 2109 876 2162 natum
892 2147 900 2174 ,
919 2095 1007 2164 LXV
1024 2149 1032 2174 ,
1053 2122 1082 2164 2.

104 2205 263 2296 Corporis
285 2207 317 2272 in
345 2207 503 2272 anteriora
526 2205 671 2290 inclinati
693 2207 893 2272 commodior
913 2207 1107 2294 quibusdam

148 2314 371 2403 orthopnoicis
388 2315 469 2381 situs
494 2336 575 2403 quos
598 2313 729 2380 morbos
746 2313 928 2404 significet,
960 2329 993 2382 et
1020 2335 1106 2394 cur,

151 2422 289 2500 XVIII,
322 2447 383 2508 17,
410 2435 445 2490 et
461 2445 549 2510 seqq.

104 2533 246 2598 Gortesii
274 2554 384 2608 error,
414 2531 482 2609 III,
504 2555 555 2597 22.
579 2529 642 2608 LI,
664 2533 719 2610 dl.

19 2712 26 2724 Ι
105 2641 363 2718 Goachwitzius,
382 2639 499 2729 Georg.
518 2641 601 2707 Dan.
629 2639 706 2706 olim
730 2635 765 2704 P.
786 2637 870 2704 Prof.
887 2639 1015 2708 Helena.
1038 2640 1110 2707 lau-

152 2751 270 2829 datus,
296 2750 379 2828 XL,
408 2753 458 2816 15.

107 2861 214 2930 Cestae
237 2862 269 2934 in
295 2860 433 2948 quadam
458 2857 593 2932 muliere
620 2855 732 2945 viginti
753 2879 834 2933 sex,
858 2857 891 2924 in
910 2856 971 2923 aIia
996 2854 1106 2948 viginti

153 2984 218 3036 tres
238 2963 402 3044 inventae,
427 2966 522 3044 V‚6.
542 2963 638 3040 LVI,
662 2985 713 3052 17.

107 3082 227 3147 Costae.
245 3079 294 3144 Do
309 3101 420 3144 earum
439 3095 575 3142 numero
591 3073 676 3150 alia,
702 3071 751 3150 V,
781 3093 829 3137 ιο.

110 3190 282 3256 Gestarum
296 3188 390 3274 quasi
406 3184 647 3252 concidentium
661 3205 771 3249 sensus
785 3180 890 3256 unde,
907 3177 1038 3261 XXVI,
1056 3188 1108 3252 25.

155 3296 270 3374 XLV,
300 3299 352 3362 25.

199 3403 370 3472 nonleves
393 3401 614 3492 depressiones
636 3397 799 3488 quomodo
824 3395 924 3466 latere
949 3397 1112 3469 interdum

248 3514 326 3578 dum
343 3513 488 3602 possint,
515 3509 627 3585 XLV,
649 3510 719 3584 25,
748 3510 799 3586 24.

110 3624 223 3693 Cranii
238 3623 410 3690 varietates
423 3619 590 3708 quaedam,
607 3615 777 3704 quamvisa
793 3627 923 3691 natura,
937 3637 1035 3704 quam
1048 3620 1113 3686 sint

154 3731 372 3826 periculose,
396 3728 531 3803 LXIII,
556 3728 588 3790 8.

202 3842 361 3930 capacitas
385 3849 534 3929 respectu
557 3834 682 3904 cerebri
704 3856 769 3900 non
791 3831 903 3900 eadem
933 3831 1112 3913 omnibus,

250 3962 305 4016 aut
320 3949 586 4036 omnitempore,
606 3942 674 4020 IV,
694 3942 747 4008 52.
766 3941 833 4019 LI,
857 3940 995 4017 10‚50,
1014 3941 1067 4008 51.

902 4050 940 4125 :a
