2850 4676
387 502 436 546 sr
465 497 591 544 nnnuu
618 497 883 546 non-animun.
1098 481 1155 544 1⁸1

250 605 292 671 ad
318 617 442 671 meatus
467 606 616 670 interiora
641 605 673 670 in
697 580 893 694 =chirurgicis
915 604 1157 695 operationibus

294 711 501 780 illuminanda
523 735 594 800 qnae
619 711 706 780 utilia
731 715 811 792 sint,
830 713 932 790 xlv,
965 716 1014 780 15.

251 821 284 887 in
297 845 336 886 eo
349 822 491 886 concreti
504 821 618 887 calculi
627 820 798 887 Veteribus
809 823 979 912 incogniti,
990 819 1086 898 XIV,
1105 842 1155 887 11.

343 953 360 994 a
381 930 496 1016 quibus
513 931 652 1018 primum
672 931 851 996 memorati.
878 931 899 996 I
902 931 969 996 tid.

206 1105 209 1112 ,
251 1038 284 1104 in
298 1038 413 1104 eodem
426 1039 673 1104 vermiculorum
688 1087 697 1116 ,
715 1050 748 1104 et
763 1029 908 1128 gravium
927 1041 966 1105 ab
984 1039 1033 1104 his
1049 1061 1161 1128 symp⁴

296 1157 453 1212 temetum
476 1147 684 1224 observatio,
711 1146 812 1224 XIV,
841 1173 870 1235 7.

249 1235 251 1242 Ι
344 1254 384 1319 ad
397 1278 451 1320 eos
469 1255 647 1332 arcendos,
666 1256 878 1346 abigendosve
895 1255 1046 1321 remedia.
1062 1253 1154 1319 ltin.

251 1364 358 1430 ulcera
377 1387 436 1428 cur
456 1375 576 1430 temere
594 1388 658 1430 non
676 1365 878 1442 claudenda,
901 1364 998 1439 XIV,
1025 1366 1056 1430 5.

158 1471 256 1540 Auris
273 1474 417 1562 tympani
430 1475 618 1539 membrana
634 1473 750 1551 illaesa,
769 1472 931 1563 quomodo
943 1474 976 1539 in
993 1472 1097 1562 ipsum
1113 1473 1160 1540 in·

207 1581 266 1670 jici
290 1581 412 1670 possint
434 1581 603 1676 remedia,
630 1581 730 1658 XIV,
752 1607 780 1668 7.

206 1699 208 1704 ⁴
252 1690 356 1756 eidem
372 1692 571 1780 membranae
591 1689 650 1755 alia
667 1691 700 1756 in
722 1690 841 1756 fetibus
857 1690 1043 1756 membrana
1060 1711 1161 1778 appar

183 1864 185 1868 .
298 1799 368 1864 sita.
397 1799 524 1864 Dehae
548 1797 833 1887 quaedam,XIV,
863 1821 939 1865 ιαμ

251 1908 394 1996 tympani
417 1921 449 1972 et
464 1909 679 1985 membrana,
701 1921 734 1974 et
750 1907 885 1973 ossicula
903 1907 1056 1995 disrupta.
1075 1904 1107 1970 V
1107 1904 1155 1972 ia.
1177 1923 1184 1940 ·

298 2015 455 2082 Surditas.
1167 2023 1169 2028 ’
1218 2014 1220 2020 ’

251 2123 278 2193 si
308 2138 413 2215 stapes
430 2127 581 2202 excidat,
605 2124 743 2192 surditas
764 2124 891 2192 videtur
915 2125 1094 2192 necessario
1107 2147 1156 2192 se·

296 2247 430 2310 cutura,
456 2233 559 2310 XIV,
590 2257 639 2298 ιο.

251 2344 395 2432 tympani
408 2366 563 2408 novorum
582 2342 776 2434 foraminum
788 2341 942 2411 Valsalvae
964 2364 1040 2406 usus
1054 2343 1155 2408 inter-

295 2451 397 2527 dum,
420 2450 719 2549 defensusnXlV,
746 2475 776 2538 9.
904 2539 908 2549 Ι

161 2559 257 2629 Auris
278 2561 414 2627 tinnitus
430 2585 509 2626 num
534 2585 668 2635 revera,
693 2573 726 2627 et
741 2572 896 2648 quatenus
911 2559 1008 2626 etiam
1028 2558 1068 2624 ab
1087 2557 1157 2625 ads·

206 2670 347 2736 tentibus
364 2670 467 2736 audiri
485 2671 635 2757 potuerit.
663 2671 755 2735 ttid.

165 2778 322 2855 Aurium,
337 2778 430 2845 idest
450 2779 600 2844 audiendi
617 2803 732 2856 sensu,
759 2801 816 2844 cur
840 2777 948 2866 plures
965 2801 981 2842 a
996 2776 1159 2842 nativitate

215 2889 394 2979 priventur,
411 2911 507 2976 quam
524 2887 588 2956 ullo
607 2889 687 2966 alio,
705 2911 766 2955 nee
783 2887 860 2953 dum
874 2899 1039 2962 constare,
1055 2897 1159 2950 osten-

209 2998 319 3074 ditur,
346 2995 440 3072 XIV,
470 2999 518 3076 ¹4·

163 3109 355 3176 Axillaribus
370 3106 402 3172 in
417 3106 503 3172 venis
525 3103 649 3181 insula,
671 3103 782 3172 LXIX
798 3154 806 3179 ,
838 3126 867 3168 a.

161 3218 278 3310 Azygae
297 3241 384 3286 venae
399 3216 486 3282 varix
498 3227 530 3281 et
545 3215 674 3305 ruptio,
698 3211 811 3281 XXVI
826 3259 836 3289 ,
869 3233 921 3300 ²9·

642 3467 679 3534 B.

165 3681 395 3813 anuunnos,
422 3733 473 3802 Jo.
507 3733 626 3802 Christ.
662 3733 746 3805 Med.
778 3731 958 3799 Weiekars.
984 3726 1159 3842 laudatus,

164 3847 603 4058 Baiiii’haiiuoinuiones,
625 3949 729 4032 VIII,
755 3951 804 4018 15.
830 3943 1019 4025 XXXVII,
1053 3947 1102 4012 ιδ.
1182 3935 1191 3951 ,
