2828 4678
394 467 590 548 1111111111
614 465 873 516 1011111111.
1072 444 1130 508 181

132 573 249 640 Partus
267 585 358 640 antea
378 597 504 664 semper
523 574 641 652 felicis,
660 591 733 665 post
752 592 901 646 vexatum
915 578 1022 642 autem
1037 572 1130 639 achi-

181 707 279 772 rurgo
297 693 425 748 uterum
441 708 566 772 semper
577 686 712 752 Infelicis
730 689 919 755 observatio.
940 685 959 750 I
963 683 1030 749 bid.
1052 685 1106 762 41.

225 791 382 867 difficilis,
410 811 512 859 causae
534 796 637 860 variae.
663 795 754 860 Ibid.
779 799 831 884 59.

316 901 494 968 remedium
510 904 641 969 fortuito
657 908 821 994 cognitum
839 953 848 982 ‚
869 903 960 969 Ibid.
980 905 1034 982 41.

228 1009 374 1076 dolorum
391 1011 648 1078 convuIsIv'orum
666 1062 675 1090 ,
693 1015 799 1103 partui
819 1012 1056 1080 adversantium
1073 1031 1132 1076 eu·
1151 1059 1155 1067 .

271 1121 363 1184 ratio.
383 1119 474 1186 Ibid.
533 1169 534 1178 ,

226 1229 337 1294 mortis
354 1241 426 1316 post
443 1241 567 1318 partum
587 1230 818 1320 inexpectatae,
843 1253 947 1298 oausae
970 1228 1127 1317 quaedam.

275 1330 363 1400 thid.
391 1339 443 1404 50.

132 1437 135 1446 ’
228 1445 312 1533 rupti
336 1445 369 1512 in
384 1460 478 1534 partu
501 1449 582 1513 uteri
603 1471 694 1518 casus
718 1462 766 1516 est
789 1449 1010 1537 frequentior,
1034 1467 1132 1533 quam

270 1550 362 1620 multi
386 1555 531 1621 credunt.
555 1556 644 1622 lbid.

317 1663 387 1751 ejus
405 1687 495 1730 casus
511 1688 615 1732 causae
632 1678 664 1732 et
684 1668 783 1756 signa.
798 1667 892 1731 Ibid.
916 1677 949 1731 et
966 1666 1019 1730 51.

227 1783 429 1838 mortuarum
450 1774 482 1838 In
506 1788 626 1862 partu,
660 1788 715 1841 aut
735 1799 830 1854 mox,
850 1776 939 1840 mirae
956 1769 1136 1840 abdominis

272 1881 462 1948 inflationes.
491 1883 582 1949 lbid.
613 1886 667 1963 45.
700 1903 702 1909 ’

227 1989 260 2055 In
279 2003 373 2078 partu
387 1989 484 2056 laxari
502 1993 672 2079 juncturas
686 1995 718 2059 in
735 1994 824 2081 pube
837 2005 869 2058 et
883 1991 922 2056 ad
940 2014 974 2056 os
984 2011 1111 2054 sacrum
1127 2035 1137 2065 ,

272 2121 352 2165 num
371 2099 412 2164 sit
429 2102 651 2189 impossibile,
670 2103 803 2192 'nedum
829 2103 952 2168 inutile.
974 2099 1063 2165 Ibid.

301 2221 303 2224 ’
320 2231 366 2275 eae
378 2231 475 2296 quam
488 2212 743 2278 Iaxataeinventae
760 2224 833 2276 sunt
845 2223 918 2298 post
932 2222 1059 2298 partum
1074 2229 1140 2272 non

365 2317 406 2382 ita
427 2319 634 2386 laboriosum.
667 2320 756 2385 Ibid.
781 2323 835 2400 44.

141 2421 292 2499 Passeri,
317 2424 531 2505 Dominicus,
556 2429 702 2496 medicus
725 2430 801 2496 olim
831 2429 1010 2494 Pisaurens.
1042 2425 1138 2514 prim',
1188 2491 1194 2502 ,

188 2532 335 2622 laudatus
354 2585 362 2610 ‚
383 2535 509 2612 XXII,
536 2563 565 2624 7.

143 2643 260 2718 Pasta,
280 2642 446 2720 Andreas,
465 2646 616 2714 ¹medicus
632 2647 876 2736 Bergomensis,
893 2644 1062 2720 laudatus,
1083 2643 1140 2720 IV,
1163 2703 1174 2712 .

192 2776 244 2818 22.
266 2752 365 2828 VIII,
393 2777 442 2819 1ο.
464 2754 582 2833 XVII,
603 2758 663 2831 26,
688 2780 739 2843 29.
761 2756 892 2831 XVIII,
916 2780 947 2842 9.
968 2753 1068 2832 XXI,
1089 2778 1142 2820 20.

109 2901 118 2918 ι
189 2860 325 2936 XXIII,
357 2865 404 2926 18.
438 2861 574 2939 XXIV,
601 2885 665 2939 22,
699 2867 740 2928 2ss
763 2877 795 2930 et
815 2885 902 2951 seqq.
930 2862 1070 2938 XXXI,
1092 2863 1142 2928 18.

189 2970 289 3047 XLI,
311 2994 340 3036 2.
361 2971 523 3047 XLVIII,
553 2996 604 3059 29.
627 2971 752 3047 LXIV,
771 2996 802 3059 9.

143 3079 314 3156 Patavini,
345 3093 377 3144 et
401 3081 450 3145 his
483 3082 620 3169 proximi
637 3105 738 3168 quare
761 3080 910 3146 urInariis
931 3079 1062 3148 calculis
1082 3079 1147 3146 siut

190 3189 298 3256 mInus
316 3189 470 3266 obnoxii,
495 3191 612 3268 XLII,
644 3213 693 3277 ¹7·
997 3189 1000 3198 ’

237 3296 444 3364 Prosmsores.
468 3298 547 3362 Vid.
576 3297 806 3364 Fracastorius.
832 3295 1047 3364 Gavessettus.
1075 3295 1148 3364 Vic-

284 3407 396 3472 torius.

146 3513 337 3581 Patavinum
358 3515 579 3602 Gymnasium.
597 3517 645 3580 De
664 3537 703 3582 eo
718 3515 865 3604 quaedam
885 3565 894 3594 ,
918 3514 1058 3592 XXIV,
1083 3517 1149 3594 Iet

193 3623 316 3690 Praefat.
333 3624 373 3688 ad
392 3623 463 3688 Iibr.
488 3626 518 3689 5.
541 3636 574 3690 et
590 3626 692 3712 Epist.
723 3625 836 3691 Dedic.

91 3729 97 3738 ’
147 3731 304 3810 Patinus,
327 3733 484 3809 Carolus,
511 3732 665 3821 opuscula
690 3757 746 3798 sua
778 3731 976 3808 emendata,
1000 3743 1034 3798 et
1056 3743 1150 3796 aucta

125 3825 133 3840 ’
193 3842 227 3908 in
243 3841 370 3910 duobus
381 3842 598 3910 voluminibus
607 3843 738 3932 reliquit
749 3843 890 3916 necdum
904 3840 1008 3908 editis.
1026 3838 1151 3918 LVIII,

141 3947 143 3956 ’
199 3973 249 4040 19.
