2850 4676
303 411 363 496 ¹⁵³
631 439 750 484 snnnx
777 437 962 486 nourrou
1022 503 1025 510 μ

390 565 429 612 oo
452 555 618 619 tumente,
646 567 705 612 eur
720 547 859 636 saepius,
879 571 945 614 nen
963 569 1112 638 semper,
1140 549 1239 638 splen
1260 559 1313 614 tn-

435 653 731 732 moat,XXXVI,
764 657 805 721 16
833 669 866 722 et
891 679 978 744 seqq.

482 763 547 834 imo
565 786 623 830 cur
637 787 867 853 nonnunquam
885 765 1046 832 exilesoat.
1066 764 1157 831 ibid.
1180 789 1237 853 27.

396 871 465 958 ejus
487 883 594 938 tumor
618 875 780 961 quomodo
798 897 866 942 esse
893 875 926 940 in
948 875 1129 942 abdominis
1149 877 1314 943 musculis

443 981 614 1067 aliquando
633 983 799 1060 rideatur,
822 981 989 1061 XXXVI,
1013 986 1044 1050 6.

398 1088 468 1176 ejus
483 1091 659 1158 abscessus.
692 1093 740 1158 De
767 1092 963 1160 vesiculam
985 1093 1048 1160 hoc
1073 1093 1239 1160 interdum
1267 1094 1315 1160 in·

443 1197 540 1264 clusis
564 1201 710 1288 quaedam
738 1203 949 1290 attinguntur.
975 1201 1066 1267 Ibid.
1093 1225 1124 1288 9.

403 1328 441 1372 ex
457 1309 569 1396 capitis
586 1310 771 1376 vulneribus
787 1335 851 1376 non
868 1311 972 1388 visus,
986 1323 1023 1376 ut
1039 1309 1176 1377 credunt
1187 1309 1316 1400 plures,
1396 1293 1398 1356 i

447 1411 632 1483 aBaIlonio
648 1423 661 1495 ,'
676 1418 737 1494 LI,
766 1443 817 1486 11.
905 1421 913 1434 “
1399 1450 1400 1500 t

405 1548 475 1612 quae
496 1525 627 1592 sallaoiae
647 1551 715 1594 esse
730 1531 854 1618 possint
876 1529 908 1596 in
925 1551 971 1624 eo¹
985 1540 1065 1596 tuno
1084 1527 1317 1618 praedicendo,

448 1633 537 1702 Idid.
559 1649 591 1701 et
614 1639 665 1703 25.
1402 1705 1403 1718 ,

410 1741 479 1830 ejus
500 1745 664 1811 abscessus
680 1769 739 1836 per
758 1745 967 1838 diaphragma
987 1749 1021 1814 in
1041 1747 1209 1814 thoracem
1227 1763 1318 1834 aper·
1403 1762 1404 1786 ³

451 1863 530 1928 tus,
556 1853 727 1932 XXXVI,
757 1858 789 1935 4.

409 2043 413 2052 ,
499 1962 531 2027 in
555 1975 666 2030 ventre
682 1964 819 2054 disrupti
836 1966 925 2053 sIgna
942 1965 974 2032 in
990 1963 1153 2054 plerisque
1170 1963 1310 2029 observa·
1406 1996 1407 2010 ¹

544 2073 684 2138 tionibus
722 2077 977 2141 anatomieorum
1008 2075 1114 2140 minus
1152 2071 1319 2162 diligenter
1407 2077 1408 2088 ’

545 2193 620 2247 sunt
640 2182 800 2248 adnotata.
831 2183 922 2248 Ibid.
943 2185 983 2259 5,
1008 2183 1040 2248 6.

500 2313 579 2356 num
608 2291 763 2382 disruptio
791 2294 832 2359 sit
859 2316 918 2382 per
943 2303 1070 2359 motum
1098 2288 1317 2359 acceleranda.
1410 2308 1411 2362 t

544 2398 634 2466 Ibid.
653 2401 684 2465 6.

505 2507 667 2593 quomodo
689 2523 817 2576 sanatus
837 2510 888 2576 sit.
912 2509 1003 2576 Itid.

329 2613 452 2683 decoris
473 2620 598 2686 calculi.
625 2620 656 2683 V
657 2620 704 2684 id.
729 2620 887 2708 Hepatici.

330 2724 455 2794 decoris
477 2730 573 2816 eystis
589 2730 621 2794 in
644 2739 887 2805 transversum,
914 2740 947 2794 et
967 2737 1035 2793 tota
1063 2738 1153 2793 extra
1171 2726 1265 2816 jecur
1279 2726 1324 2797 Io·

375 2848 465 2911 cata,
490 2835 623 2913 XXIV,
649 2838 698 2902 16.

418 2945 508 3032 qua'si
525 2945 558 3010 in
579 2944 657 3010 duas
675 2945 794 3022 divisa,
820 2944 961 3021 XXIX,
991 2946 1042 3010 18.

419 3055 488 3120 sine
510 3052 582 3120 ullis
611 3055 683 3122 bilis
711 3053 915 3121 vasculorum
944 3077 1014 3142 quae
1042 3051 1080 3118 ad
1106 3051 1176 3142 ejus
1193 3050 1342 3118 fundum.

338 3168 346 3190 ⁶
464 3164 687 3252 pertinerent,
709 3164 861 3241 indiciis,
882 3162 1017 3239 XXIV,
1043 3163 1093 3226 16.

422 3273 454 3339 in
478 3275 755 3340 observationibus
774 3287 806 3340 et
825 3273 1052 3364 experimentis
1061 3271 1257 3360 quibusdam
1270 3271 1328 3337 cir-

469 3405 505 3448 ca
544 3382 631 3448 illam
658 3382 775 3449 habitis
807 3384 878 3471 quis
911 3383 1165 3478 subesse'error
1202 3381 1326 3470 possit,

467 3489 655 3568 XXXVII,
682 3501 734 3557 ⁴21.

425 3603 521 3692 oystis
538 3615 661 3669 meatus
676 3601 761 3690 apud
776 3601 909 3674 Veteres
929 3599 1065 3667 ductum
1085 3599 1245 3688 cysticum
1267 3619 1331 3665 non

470 3711 638 3800 significat.
665 3710 756 3775 Idid.
787 3711 847 3776 55:
1043 3710 1046 3721 ’

428 3817 524 3908 cystis
543 3819 650 3884 nimiae
669 3817 877 3906 plenitudinis
899 3841 997 3909 quam
1019 3817 1115 3888 varim
1136 3839 1240 3887 causae
1269 3834 1332 3882 osse

469 3928 612 4016 possint,
635 3926 740 3997 LVIII
753 3977 765 4006 ,
789 3929 818 3994 5.
