2828 4678
304 469 368 532 506
645 487 763 532 rnnux
793 487 973 532 acarna!

302 595 448 684 Sanguis.
478 593 528 660 Ad
549 594 619 682 ejus
642 591 887 659 circulationem
916 593 1080 683 pertinens
1104 595 1310 684 experimen·

346 717 426 770 tum.
452 703 482 766 V
485 702 532 768 id.
566 701 729 788 Pccqueti.

388 813 491 877 muita
503 811 588 876 circa
601 811 708 876 emissi
723 812 888 900 sanguinis
899 803 1160 890 abservationes,
1176 805 1311 878 harum-

435 943 498 1006 que
515 941 626 985 causas
643 920 892 998 desiderantur,
910 921 1000 999 XX,
1021 945 1073 986 ar.

390 1029 581 1118 Pulyposam
607 1043 748 1096 crustam
772 1032 804 1094 in
826 1031 967 1096 secunda
981 1033 1115 1098 tertiave
1131 1053 1223 1096 venae
1241 1051 1310 1096 sec·

433 1141 520 1206 tione
534 1141 737 1206 imminutam
764 1123 949 1227 apparere,
973 1141 1094 1205 bonum
1123 1164 1164 1204 an
1187 1142 1310 1204 malum

435 1250 475 1316 sit
504 1273 599 1336 quam
621 1261 715 1314 caute
730 1248 962 1336 judicandum,
987 1249 1089 1325 XXI,
1112 1273 1180 1326 ar,
1206 1251 1262 1314 51.

391 1381 515 1454 magnge
534 1359 729 1424 mutationes
744 1369 776 1422 et
793 1369 936 1434 crustae„
953 1371 986 1424 et
1009 1359 1219 1424 crassamenti
1232 1369 1310 1446 ,post

431 1469 570 1558 primam
590 1491 678 1533 venae
706 1452 882 1532 sectionem
904 1483 1012 1555 eaeque
1041 1467 1162 1532 tamin
1186 1467 1308 1556 pejus,

432 1589 501 1642 tum
527 1579 559 1642 in
579 1577 692 1664 melius
710 1576 965 1656 animadversae,
984 1577 1077 1666 aegris
1094 1589 1203 1642 tamen
1217 1599 1309 1665 aeque

429 1687 665 1774 pereuntibus,
691 1683 799 1759 XXI,
825 1679 883 1750 δι.

345 1849 347 1853 .
387 1785 503 1863 crustae
520 1793 621 1860 ssavus
634 1791 725 1859 color
738 1781 1003 1882 periculosiorem
1017 1793 1307 1860 inflammationem

429 1927 512 1992 saepe
528 1901 691 1982 indIcavit.
719 1897 811 1966 Ibida
866 1922 871 1938 ’
929 1913 932 1921 “
1039 1883 1042 1891 ‚

386 2001 493 2078 serum
511 2013 681 2100 albescens
695 2012 739 2076 =in
759 2002 955 2098 quibuidam·
984 2009 1129 2078 febribus
1152 2013 1306 2080 ohserva-

428 2119 791 2198 tum,XLIX‚na.'

386 2229 467 2295 ador
487 2230 597 2296 acidus
617 2241 748 2318 saepeet
765 2227 923 2316 inquibus
937 2229 1190 2296 animadversus.
1206 2229 1301 2296 lata.

429 2339 486 2404 aa.
606 2335 608 2338 ’
670 2333 672 2340 ’
741 2341 745 2351 ”

298 2445 434 2534 Sanguis
451 2472 490 2512 ex
508 2448 608 2512 incisa
625 2471 704 2512 vena
717 2444 851 2538 frigidus
865 2447 972 2512 exiens
990 2447 1188 2514 observatas.
1208 2447 1300 2514 laid.

343 2557 383 2619 26
404 2568 436 2620 et
453 2575 543 2642 seqq.
895 2558 899 2566 ’
1171 2557 1173 2562 ’

296 2659 531 2752 Sanguine'vel
552 2661 728 2752 pIurImum
746 2689 764 2728 a
793 2665 930 2729 naturaii
947 2676 1032 2728 statu
1048 2677 1174 2730 mutato
1192 2715 1202 2744 ,
1225 2691 1304 2733 nun·

338 2791 503 2858 nunquam
523 2774 597 2862 aegri
613 2785 803 2850 evaserunt,
821 2769 1004 2849 XXXVII,
1027 2797 1056 2859 7.

294 2877 439 2968 Sanguis.
461 2881 588 2970 inipso
611 2903 665 2946 aer
682 2881 864 2948 secundum
885 2871 1034 2948 naturam
1052 2895 1085 2947 et
1100 2898 1221 2970 praeter
1242 2907 1301 2951 na-

335 3003 453 3055 turam.
474 2991 506 3056 V
508 2991 554 3056 id.
578 2990 642 3056 Aer
658 3003 690 3056 et
712 2991 824 3058 Aereae
840 2989 947 3058 hutlae.

381 3097 464 3164 intra
481 3117 597 3190 carpus
612 3099 756 3176 effusus,
776 3101 867 3190 niger
883 3094 1075 3188 esse'pot'est
1092 3148 1102 3176 ,
1120 3111 1153 3165 et
1169 3125 1241 3167 csse
1260 3103 1298 3167 ab

426 3221 534 3284 aorta,
560 3208 694 3286 XXVI,
716 3211 768 3274 26.

379 3341 437 3383 cur
453 3317 499 3381 sic
517 3314 632 3392 effusi,
652 3319 831 3406 praesertim
844 3315 928 3384 intra
944 3315 1162 3407 pericardium
1173 3319 1296 3410 ‚Iunge

422 3425 580 3492 minorem
590 3429 735 3516 copiam,
750 3451 847 3514 quam
861 3427 958 3493 effusi
968 3439 1056 3492 extra
1073 3447 1214 3515 corpus,
1231 3431 1295 3494 cita

350 3599 352 3605 1
423 3517 510 3600 mars
528 3551 689 3625 sequatur.
713 3535 805 3601 laid.
834 3541 882 3601 18.
905 3538 937 3600 V
939 3537 985 3616 ia.
1006 3547 1039 3600 et
1051 3533 1290 3602 'Pe'rIcardium

378 3645 461 3710 intra
478 3663 594 3732 corpus
611 3645 751 3721 effusus,
768 3645 800 3711 In
814 3671 874 3734 pus
892 3665 955 3730 nan
971 3623 1175 3729 ⁸convertitur
1186 3694 1195 3722 ,
1207 3645 1249 3722 V,
1260 3648 1289 3711 5.

378 3777 396 3819 a
412 3757 514 3843 multu
530 3777 642 3818 recens
662 3767 757 3842 epota
775 3743 1058 3822 humore'ssiriaiior
1073 3803 1082 3831 ,
1100 3745 1197 3839 LIII,
1220 3759 1272 3820 26.

361 3863 447 3951 vsajus
471 3863 510 3927 in'
534 3861 720 3928 ceIIqusam
742 3855 971 3930 'substantiam
998 3863 1187 3932 effusionem
1209 3862 1290 3953 'quis

423 3968 501 4038 oiim
516 3969 728 4051 indicaverit,
750 3973 885 4052 XXVI,
900 3976 957 4060 4⁰·
1019 3963 1040 3998 ”
1121 4039 1124 4046 ,

474 4071 515 4132 ('
714 4081 722 4107 5
1058 4072 1060 4076 ,
