2850 4676
362 447 410 492 rr
443 447 566 493 nenne
597 443 861 494 nornnrnmn.
1052 429 1111 496 251

116 551 177 630 Irae
199 551 363 621 arthetica
389 553 470 620 vires
494 554 526 620 in
558 554 709 630 ekirrho‚
740 554 993 634 annitebatur,
1030 559 1113 625 uteri
1190 632 1195 648 Ι

160 661 388 738 discutiendo,
415 661 589 741 XXXIX,
611 665 663 730 55.

204 773 321 860 quibus
337 795 374 838 en
393 795 458 840 non
478 759 657 844 conveniat.
685 771 778 840 ltin

113 878 278 946 Ieobiades
295 905 366 968 qnae
391 883 554 968 personari
577 884 798 971 nonpossint,
818 881 926 959 LVII,
952 884 992 959 5,
1009 905 1041 970 9.

203 990 368 1078 inquibus
388 992 504 1080 'jurare
522 993 644 1082 possint
659 994 752 1058 mites
769 993 920 1060 ustiones.
938 991 1030 1058 Ibid.
1053 994 1083 1058 5.
1217 1043 1220 1050 .
1353 1021 1363 1038 ·

202 1100 280 1188 quid
307 1101 429 1188 possint
459 1083 630 1190 aliqnando
654 1106 830 1190 clysteres,
854 1114 886 1168 et
916 1101 1052 1192 quales,
1075 1113 1109 1168 et

248 1232 317 1274 cur.
344 1209 364 1274 I
368 1209 437 1277 bid.

200 1317 277 1406 qnid
285 1319 415 1388 eductio
424 1321 586 1410 sanguinis
601 1343 641 1390 ex
652 1319 951 1389 bmmomhoidibns.
968 1319 987 1378 l
990 1319 1057 1386 bid.
1073 1321 1105 1388 6.

327 1549 626 1648 ...n

106 1737 209 1809 Jecur
228 1738 347 1828 duplex
361 1740 568 1811 observatum
585 1786 594 1817 ,
619 1739 784 1815 XLVIII,
801 1741 855 1806 55.
1118 1811 1120 1814 ,
1139 1819 1141 1822 ,

195 1848 347 1935 singulari
367 1847 493 1939 figura,
518 1846 717 1926 XXXVIII,
739 1852 794 1929 42.
814 1848 928 1924 LXV,
948 1853 982 1919 8.

195 1955 275 2025 sulci
291 1959 323 2026 in
334 2005 335 2012 1
348 1959 417 2048 ejus
433 1981 573 2029 convexa
593 1958 676 2026 faeie
693 1958 858 2027 interdurn
877 1972 1112 2036 occurrentes,

112 2137 116 2144 ,
240 2066 327 2136 unde
348 2068 481 2136 sortasse
500 2069 657 2158 originem
676 2068 837 2144 habeant,
860 2067 955 2144 LVI,
994 2092 1043 2156 17.

104 2174 231 2242 Jeooris
252 2189 320 2242 tum
337 2179 427 2256 seni,
451 2191 522 2244 tum
535 2179 677 2256 morbosi
691 2179 833 2256 insolitas
846 2179 879 2244 in
892 2179 983 2244 sedes
998 2189 1107 2244 exten-

150 2287 197 2352 eio
220 2309 285 2355 non
310 2287 508 2380 ignorando:
536 2289 660 2380 eterni
687 2288 851 2376 quomodo
872 2287 1102 2378 conjicienda,

149 2394 324 2473 XXXVI,
358 2398 389 2462 5.
668 2467 671 2478 ,

137 2591 140 2602 Δ
195 2506 320 2571 ετῐενὶε.
347 2507 379 2570 V
380 2505 427 2570 id.
451 2506 624 2594 Hepatior.

192 2637 297 2680 crassa
317 2638 419 2691 vena,
443 2616 484 2680 eb
504 2638 543 2680 eo
567 2616 732 2704 pertinens
749 2615 782 2682 in
800 2617 1019 2704 emulgentem
1046 2637 1103 2682 en·
1149 2621 1152 2632 '

239 2721 321 2792 telIae
339 2774 349 2800 ,
367 2723 452 2801 XL,
483 2726 533 2802 ¹4·
1104 2725 1107 2733 '

172 2877 176 2882 -
195 2833 235 2898 ab
254 2856 292 2898 eo
309 2833 351 2897 ad
366 2834 518 2899 intestina
534 2833 584 2898 via
605 2853 733 2922 semper
753 2845 866 2921 patens
886 2831 971 2902 male
989 2833 1022 2900 in
1036 2833 1104 2921 qui·

237 2941 376 3008 busdam
390 2942 655 3031 explicationibus
671 2942 788 3008 omissa
804 2991 813 3020 ,
834 2941 1001 3020 XXXVI,
1024 2965 1081 3024 ιο.

193 3050 232 3118 ab
249 3057 288 3116 eo
304 3051 413 3120 vitiato
435 3073 506 3139 quae
530 3050 733 3118 detrimenta.
760 3048 851 3118 ltro.
878 3051 930 3116 nb.

104 3157 207 3227 Jecur
220 3161 311 3248 qnasi
320 3161 439 3228 elixum
448 3162 481 3226 in
497 3161 614 3249 quibus
628 3160 669 3226 sit
683 3161 887 3234 observatum
903 3207 913 3234 ‚
930 3157 1032 3234 XLV,
1049 3180 1099 3225 oe.

193 3267 264 3358 ejus
281 3269 382 3340 lobuli
394 3268 579 3360 glandulosi
590 3270 621 3336 vi
633 3267 740 3334 morbi
756 3266 971 3336 evidentiores
988 3291 1104 3356 aquo-

235 3401 311 3448 nam
328 3379 404 3446 olim
423 3359 607 3454 obierrati,
632 3373 838 3452 XXXVIII,
867 3377 920 3443 51.

191 3507 262 3573 quae
281 3486 473 3574 detrimenta
487 3487 586 3564 inde,
607 3498 642 3552 et
661 3509 730 3551 eur.
758 3483 853 3552 Jbtct.

190 3607 258 3662 rete
274 3594 417 3666 albidum
439 3596 529 3683 quoii
543 3592 644 3664 lobuli
661 3593 930 3682 intercipiuntur,
952 3593 982 3658 vi
997 3589 1110 3658 morbi

236 3703 269 3768 in
292 3727 351 3770 suo
369 3706 504 3772 orossius
526 3705 657 3769 factum.
685 3701 776 3767 Ibid.
796 3705 851 3781 [1²-
869 3739 870 3746 κ

99 3805 202 3876 Jecur
219 3813 382 3898 quomodo
410 3813 652 3905 deglutitionem
677 3811 783 3880 faeere
801 3807 965 3878 difficilem
986 3807 1102 3898 possit

146 3916 319 3998 XXVIII,
354 3946 404 4011 ¹7·
