2850 4676
925 210 944 304 t

306 422 369 468 210
641 421 766 467 tnnnx
796 421 978 468 noaino!

394 552 412 592 a
436 526 632 616 quibusnam
653 527 686 592 id
702 527 929 604 observatum,
946 540 979 596 et
995 528 1082 596 unde
1102 529 1277 596 deductum
1294 578 1303 604 ,

441 647 496 701 aut
512 634 629 700 deduci
649 635 760 722 possit.
783 635 874 700 lota.

394 741 518 832 figura,
535 743 671 832 ideoque
688 754 719 808 et
734 745 876 821 cerebri,
895 746 1032 826 vitiosa,
1053 747 1089 824 1,
1119 749 1158 826 14
1171 759 1208 814 et
1219 746 1302 812 alibi.

396 855 481 920 unna
501 877 537 919 aa
555 853 635 930 aar,
661 853 777 930 cxii,
807 856 856 920 to.
889 897 892 924 ,
1322 835 1323 840 '

311 961 421 1028 Cranii
444 973 631 1034 suturarum
660 960 818 1028 discessus
838 963 872 1028 in
893 964 1162 1053 septuagenario,
1185 964 1259 1039 III,
1275 966 1303 1028 8.

400 1070 516 1158 quibus
533 1081 667 1158 repente
684 1069 824 1145 accidit,
841 1093 913 1158 quae
933 1071 1019 1136 mala
1035 1072 1166 1150 afferat,
1184 1071 1243 1148 LI,
1257 1094 1303 1157 oq.

399 1192 584 1245 suturarum
606 1177 729 1268 vulgari
754 1180 826 1245 usui
844 1179 1032 1246 adversatur
1052 1183 1152 1248 cranii
1169 1179 1309 1270 percussi

444 1289 557 1354 fissura
578 1289 738 1376 praelonga
757 1338 767 1363 ,
787 1287 866 1364 LII,
890 1291 954 1366 55,
974 1291 1048 1356 56.λ

402 1397 635 1466 contrasrssurae
659 1397 788 1484 proprie
805 1397 900 1464 dictae
916 1402 1083 1488 exempla,
1107 1410 1205 1464 cauto
1225 1395 1312 1462 adhi-

445 1506 513 1594 bito
526 1506 672 1570 examine
687 1553 696 1580 ,
722 1529 820 1592 quam
835 1530 939 1595 pauca
962 1509 1049 1585 sint,
1069 1507 1130 1584 LI,
1145 1509 1190 1586 do
1203 1519 1235 1574 et
1247 1529 1310 1593 seq.

400 1637 472 1703 pars
493 1638 559 1680 non
579 1613 705 1680 modica
724 1637 782 1702 par
806 1617 927 1682 cariem
954 1617 1150 1706 absumpta,
1178 1617 1248 1682 siaa
1268 1639 1314 1680 ce·

446 1724 532 1788 rebri
551 1747 659 1800 noxa,
685 1722 815 1800 LVIII,
841 1746 905 1801 tl,
937 1749 986 1792 ra.
1277 1797 1280 1808 ,

404 1833 485 1920 quid
505 1833 537 1898 in
554 1831 616 1896 alio
632 1855 691 1920 pro
714 1833 817 1898 cranii
834 1831 941 1900 ablata
958 1846 1051 1924 parte
1066 1808 1183 1900 datura
1199 1831 1316 1899 substi-

418 2009 419 2014 ,
448 1942 575 2016 tuerit,
596 1939 662 2018 LI,
689 1942 760 2028 59,
788 1943 842 2021 do.

313 2052 470 2122 Granium
488 2049 596 2118 adhuc
613 2051 775 2142 integrum
796 2052 929 2118 ubinam
953 2075 1068 2141 apure
1092 2051 1226 2142 pervadi
1245 2073 1317 2140 pos·

345 2161 429 2246 sit,
455 2157 497 2224 LI
507 2207 522 2238 ,‚
547 2161 579 2238 4.

366 2257 369 2264 ’
406 2293 482 2338 cum
498 2269 567 2358 ejus
582 2289 660 2334 cavo
672 2267 951 2334 communicantes
962 2291 1079 2356 aqneos
1089 2279 1234 2334 tumores
1250 2266 1317 2355 quia

452 2379 529 2446 olim
546 2376 775 2463 descripserit,
793 2376 883 2454 XII,
907 2400 957 2442 ro.

406 2509 485 2553 num
503 2485 586 2550 intra
605 2485 711 2572 ipsum
728 2507 866 2551 vermes.
890 2485 922 2548 V
924 2484 971 2548 id.
991 2479 1138 2551 Vermes.

406 2593 534 2682 sanguis
550 2592 634 2656 intra
656 2593 761 2682 ipsum
779 2591 918 2669 offusus,
943 2615 1002 2657 cur
1018 2593 1113 2658 citius
1137 2592 1318 2666 tardiusve,

454 2715 487 2768 et
505 2702 669 2792 graviora,
690 2715 745 2770 aut
755 2703 875 2767 leviora
894 2701 949 2766 det
967 2703 1016 2766 sui
1034 2703 1123 2791 signa
1135 2752 1148 2778 ,
1171 2701 1239 2777 LI,
1259 2703 1292 2780 4.
1384 2753 1385 2756 ,

321 2813 440 2882 Granio
451 2834 604 2901 percusso
621 2861 630 2886 ‚
644 2811 799 2900 ipsoque,
816 2825 848 2876 et
858 2835 928 2900 quae
941 2811 1024 2876 intra
1035 2813 1105 2900 ejus
1121 2833 1236 2878 cavum
1250 2822 1322 2876 sunt

365 2921 491 2998 illaesis,
509 2921 672 3008 quomodo
692 2943 863 3012 progressu
875 2921 1028 3010 temporis
1044 2941 1130 2986 mors
1147 2944 1188 2986 ex
1199 2945 1235 2986 ea
1248 2944 1320 3009 per-

368 3033 516 3102 cussione
530 3029 700 3116 aliquando
716 3032 908 3120 contingat,
930 3029 1010 3106 LII,
1036 3031 1096 3116 57.-

413 3142 446 3208 in
462 3139 562 3205 cranii
578 3140 720 3226 percussi
736 3142 883 3207 examine
904 3151 977 3228 post
992 3151 1155 3217 mortem,
1175 3139 1253 3227 quid
1268 3161 1321 3204 ca·

456 3249 595 3316 vandum
611 3297 620 3323 ,
646 3245 704 3315 LII
715 3290 736 3326 ‚,
748 3255 778 3334 7ss

326 3359 433 3426 Cranii
444 3358 626 3450 ¹terebratio
648 3379 707 3421 cur
727 3358 760 3423 in
779 3357 973 3444 quibusdam
994 3355 1178 3423 civitatibus
1201 3357 1321 3422 deserta

369 3468 487 3544 suerit,
509 3466 592 3543 LII,
621 3490 656 3530 12
682 3477 714 3533 ct
730 3490 818 3554 seqq.

414 3600 485 3665 quae
505 3577 538 3640 in
556 3600 593 3640 ea
609 3577 791 3666 peragenda
809 3599 880 3644 esse
901 3577 1025 3666 possint
1039 3575 1184 3665 pericula
1199 3587 1230 3642 et
1243 3574 1324 3640 diffi-

409 3707 414 3724 ’
458 3682 714 3752 cultatemlbid.
1041 3769 1043 3776 y

416 3796 485 3886 ejus
514 3795 717 3871 tardissime,
743 3793 798 3858 sed
826 3794 986 3870 feliciter,
1010 3807 1152 3884 peractae
1182 3792 1325 3883 quedam

461 3902 632 3992 exempla,
654 3903 733 3980 LII,
757 3905 805 3970 16.
