2850 4676
335 441 401 523 aid
675 461 794 508 rxoax
817 461 997 508 nourrur

420 571 547 663 signum
568 593 609 644 ne
629 573 669 636 sit
686 571 896 638 dilatatorum
915 571 1121 640 dexterorum
1143 574 1255 642 cordis
1286 598 1341 644 ea·

466 703 590 746 vorum.
614 679 705 746 Idid.
730 692 801 767 pet
824 679 912 768 seqq.

419 813 491 880 quoe
507 787 700 856 attendenda
712 791 798 867 siut,
816 811 858 856 ne
876 790 909 856 in
928 789 992 855 hoc
1008 789 1222 880 decipiamur,
1236 794 1338 860 lbid.

468 921 517 966 rr.

420 1009 545 1098 signum
572 1019 621 1072 est
650 1007 868 1073 circulationis
905 1009 1070 1097 sanguinis
1107 1033 1165 1097 per
1198 1009 1338 1078 dextera

464 1117 568 1184 cordis
591 1119 667 1182 cava
691 1119 797 1182 minus
814 1117 983 1206 expeditae.
1008 1115 1099 1182 leid.
1130 1141 1179 1184 ro.

332 1227 533 1318 Jugulerium
555 1225 740 1291 earumdem
763 1249 918 1292 venarum
938 1226 971 1293 in
994 1227 1072 1292 vivis
1095 1227 1234 1294 canibus
1251 1228 1336 1320 liga-

287 1347 290 1353 ’
374 1350 480 1403 tarum
501 1335 780 1424 experimentum,
803 1334 904 1412 XIX,
933 1357 993 1423 29,
1015 1335 1076 1414 51,
1102 1339 1155 1402 52.

314 1479 317 1488 ’
416 1443 603 1512 earumdem
635 1443 668 1508 in
695 1442 808 1509 iisdem
836 1445 998 1533 turgentia
1026 1445 1059 1510 in
1083 1445 1330 1532 exspiratione,

461 1551 657 1619 subsidentia
669 1551 703 1617 in
716 1553 922 1641 inspiratione
931 1554 1118 1631 observata,
1136 1567 1189 1619 aut
1200 1569 1326 1621 contra.

348 1727 353 1736 ,
459 1661 548 1728 ltio.
577 1662 644 1737 55,
669 1661 722 1739 tt.
1409 1691 1410 1726 i

416 1771 458 1837 de
476 1769 661 1836 eurumdem
683 1769 716 1833 in
739 1769 950 1858 apoplecticis
964 1757 1133 1848 sectione,¹
1152 1771 1209 1848 11,
1230 1797 1280 1839 ro.

415 1903 524 1953 earum
543 1877 642 1944 altera
658 1878 690 1943 in
706 1890 772 1943 tres
788 1903 847 1968 per
864 1878 984 1946 collum
1006 1881 1127 1958 divisa,
1150 1881 1269 1948 insulas
1278 1883 1325 1948 sa-

460 1986 1322 2076 ciebetduas,priusquamiirunamrediret,LXViH,

458 2098 490 2163 6.

325 2206 525 2299 Jugularium
537 2221 689 2274 uenarum
712 2207 914 2272 internarum
928 2208 961 2274 in
981 2209 1058 2276 vivis
1076 2211 1320 2278 constrictarum

367 2318 620 2408 experimentum
637 2317 828 2384 memoravit
850 2315 1064 2395 Aristoteles,
1089 2302 1198 2397 XIX,
1219 2344 1271 2386 er.

411 2426 444 2492 in
476 2427 553 2491 vivis
574 2424 760 2490 hominihus
791 2424 825 2490 id
845 2425 1009 2514 quomodo
1036 2427 1103 2515 ipse
1129 2427 1319 2495 aut'aiiiin·
1408 2473 1409 2476 =

454 2534 653 2609 tellexerint,
671 2531 801 2598 difficile
815 2547 864 2598 est
886 2557 1058 2624 exponere.
1081 2533 1173 2600 leid.
1197 2559 1249 2602 aa.

295 2691 300 2696 -
408 2667 488 2711 num
515 2643 725 2732 Hippocrates
744 2640 808 2708 hoc
830 2643 1086 2732 experimentum
1113 2645 1311 2714 indicaverit.

453 2748 544 2816 loto.

409 2883 487 2928 num
511 2860 543 2924 in
575 2859 795 2947 experimento
819 2857 886 2925 hoc
907 2859 1040 2926 credere
1062 2861 1186 2940 liceat,
1222 2887 1311 2930 venas
1408 2825 1409 2898 i

452 2969 606 3035 duntaxat
625 2967 722 3032 fuisse
749 2969 950 3034 constrictas.
971 2968 1062 3035 Ibid.
1091 2971 1144 3058 57.

409 3077 506 3146 Idem
522 3099 539 3142 a
556 3075 678 3142 Galeno
691 3078 862 3164 repetitum
880 3089 928 3144 est
941 3079 1208 3167 experimentum.
1224 3079 1244 3140 1
1246 3081 1309 3146 tid.

455 3187 517 3265 ἑά,
542 3185 689 3272 29,51,
713 3187 765 3250 52.

406 3293 503 3360 Idem
522 3318 539 3360 a
556 3293 779 3384 paucioribus,
804 3315 901 3382 quam
918 3297 1012 3384 vulgo
1033 3295 1177 3362 creditur
1193 3349 1202 3375 ,
1220 3300 1312 3365 itera-

451 3416 521 3470 tum
536 3452 546 3481 ‚
562 3416 595 3469 et
615 3401 693 3490 quid
709 3403 812 3468 visum
834 3403 940 3469 fuerit.
963 3403 1054 3470 leid.
1076 3406 1139 3484 51,
1162 3407 1229 3473 52.-

407 3514 446 3580 eh
463 3513 577 3578 harum
591 3533 744 3578 venerum
765 3513 993 3580 constrictione
1008 3537 1087 3580 num
1106 3537 1193 3581 mors
1209 3529 1312 3588 stran-

452 3620 646 3712 gulatorum.
672 3619 763 3685 leid.
794 3643 859 3709 29,
887 3605 940 3687 5'5.

318 3732 520 3824 tegolariam
542 3751 696 3794 venarum
716 3741 919 3796 externarum
942 3741 974 3796 et
996 3731 1197 3796 internarum
1218 3732 1309 3799 simui

360 3844 392 3908 in
404 3840 481 3906 vivis
494 3837 626 3904 canibus
639 3836 808 3926 ligaturum
824 3839 1098 3926 experimentum,
1113 3839 1216 3918 xlx,
1232 3843 1283 3906 da.

402 3948 488 4015 unde'
513 3947 617 4013 rarius
643 3947 778 4012 Novesio
800 3959 833 4012 et
854 3947 987 4030 Lepore
1003 3949 1212 4038 experimenti
1239 3973 1307 4016 suc·

469 4079 586 4124 cessus.
611 4056 642 4122 V
644 4057 691 4122 id.
722 4055 854 4124 Loweri.
