2828 4678
340 412 387 458 nr
414 413 546 459 ennox
576 412 837 458 uorxrmrou.
1028 391 1091 476 287

76 518 248 596 Petsche,
272 519 323 586 Io.
350 519 486 587 Zachar.
513 519 680 598 laudatus,
700 521 820 598 XXII,
841 523 892 587 16.
917 516 1037 598 XXX,
1055 523 1087 585 8.

132 628 305 706 XXXIV,
332 631 380 694 15.
407 629 541 706 XLIII,
574 631 627 716 57.

77 738 165 805 Petz
177 787 190 813 ,
207 737 292 803 Guil.
310 736 532 827 Christophor.
552 737 696 805 Medicus
709 737 1008 806 Marckschcinfeld.
1024 737 1090 804 lau·

130 846 334 923 datus,Ll,
354 849 408 926 48.
759 929 762 942 Ι

77 953 252 1044 Peyerus,
272 955 324 1020 Jo.
345 955 415 1022 Jac.
436 955 602 1032 laudatus,
620 955 790 1034 XXVIII,
808 959 857 1036 4.·

42 1126 46 1139 ,
76 1057 262 1125 Philoteus.
283 1059 331 1124 De
348 1060 418 1147 ejus
433 1058 574 1146 quodam
590 1058 663 1126 loco
677 1061 710 1126 in
726 1083 790 1148 quo
804 1057 943 1126 Galenus
956 1059 1086 1136 citatur,

129 1169 355 1255 suspiciones,
378 1167 499 1245 XXV,
527 1170 576 1246 14.
625 1167 627 1175 ⁴
900 1251 904 1258 ι

77 1276 270 1354 Phrcnitis,
289 1290 322 1343 et
335 1269 395 1342 alia
409 1299 486 1344 cum
506 1276 596 1344 febre
612 1275 723 1343 deliria
739 1279 772 1343 in
789 1275 858 1344 aliis
873 1289 948 1344 sunt
963 1279 1003 1343 ab
1020 1279 1088 1348 aliis
1152 1311 1154 1318 ¹

129 1387 260 1462 causis,
282 1385 366 1462 VII,
393 1389 424 1451 8.

174 1494 208 1561 in
228 1493 336 1560 multis
353 1506 462 1560 tamen
483 1517 500 1560 a
523 1494 618 1583 copia
636 1496 798 1584 sanguinis
814 1496 847 1561 in
868 1495 950 1561 vasis
966 1497 1089 1563 menin-

220 1627 319 1694 gum,
343 1617 376 1669 et
400 1605 439 1669 ab
463 1627 544 1691 aqua
567 1604 608 1669 ed
627 1603 684 1670 has
706 1605 816 1671 effusa.
839 1604 928 1670 lttd.

174 1712 207 1779 In
224 1712 364 1801 quodam
380 1737 464 1803 aegro
483 1715 701 1803 praenunciata
723 1715 784 1780 suit
800 1739 817 1780 a
834 1715 911 1782 falsa
925 1714 1089 1784 auditione

176 1843 371 1910 organorum
390 1823 683 1911 pneumaticorum.
707 1823 796 1889 Iota.
821 1825 870 1890 16.

77 1927 227 1996 Phthisis
244 1931 393 2019 ingenite
406 1955 477 2020 quae
489 1932 579 1997 initia
596 1933 659 1997 sint
676 1933 709 1997 in
724 1933 878 2022 pulmone
893 1945 1085 2024 conspecta,

129 2039 168 2116 l,
188 2061 217 2103 1.
241 2039 360 2114 XXII,
390 2064 451 2128 19,
478 2063 529 2105 20.

175 2171 240 2213 non
258 2148 408 2237 ingenitae
432 2149 570 2238 origines
587 2150 705 2224 variae,
736 2149 857 2228 XXII,
886 2173 938 2216 20.

177 2257 277 2322 etiam
295 2279 334 2323 ex
351 2257 565 2323 destillatione
584 2260 740 2348 ecapite,
758 2272 790 2325 et
803 2241 976 2348 quomodo.
995 2259 1085 2326 Ibid.

186 2413 188 2420 >
223 2365 275 2430 26.

175 2495 271 2562 quam
300 2472 548 2541 destillationem
571 2475 732 2564 quomodo
752 2475 947 2544 Mercurialis
971 2489 1004 2543 et
1022 2476 1092 2544 Gn-

77 2637 80 2651 ,
222 2585 392 2649 rassettius
413 2586 474 2650 alio
494 2587 678 2651 averterint.
701 2586 790 2651 1ttct.
1004 2660 1006 2669 Α
1069 2573 1071 2579 ’

175 2691 396 2782 scruphulosae
418 2717 489 2782 quae
510 2695 573 2760 sInt
592 2695 720 2761 indicia.
747 2695 836 2760 lttct.
861 2699 921 2773 18,
947 2719 1005 2784 19.

175 2801 338 2888 quomodo
358 2804 445 2892 potio
464 2802 580 2892 frigida
597 2805 631 2869 in
646 2807 859 2870 aestuantihus
876 2804 1032 2894 phthisim
1046 2807 1092 2873 in-

222 2909 330 2976 ducat.
354 2910 445 2976 Ibid.
474 2933 525 2976 ao.
643 2971 647 2980 .

74 3013 107 3052 ”
176 3017 300 3085 Phthisi
328 3019 473 3085 obnoxiis
503 3020 697 3109 quibusdam
728 3021 860 3109 prodest
886 3022 1090 3103 vehemens,

224 3127 381 3214 quaealios
391 3127 481 3193 laedit
492 3179 501 3206 ,
513 3133 704 3218 pulmonum
720 3131 916 3196 exercitatio.
929 3134 948 3193 I
951 3130 1017 3197 tid.
1036 3136 1087 3200 15.
1161 3157 1164 3164 ’

85 3233 327 3302 Phthisicorum
342 3245 436 3325 'sputa
453 3239 492 3302 ab
515 3239 710 3328 Hippocrate
732 3262 790 3304 cur
810 3264 869 3329 per
883 3263 998 3329 aquam
1025 3265 1092 3308 ma·

132 3343 259 3419 ninam,
273 3343 378 3410 aheno
393 3357 579 3412 contentam
596 3347 861 3435 ,explorarentur
875 3397 884 3427 ,
899 3349 1018 3426 XXII,
1036 3352 1089 3417 ull.

176 3452 338 3541 quomodo
356 3477 393 3518 ea
414 3453 590 3544 exploratio
611 3459 658 3522 sit
673 3458 879 3524 instituenda.
909 3457 998 3522 Jttd.

179 3583 215 3628 ca
237 3585 296 3652 per
314 3587 459 3650 aquam,
489 3563 613 3652 aliaque
635 3589 694 3654 per
717 3568 824 3655 ignem
843 3568 1019 3654 exploratio
1048 3566 1091 3632 ad

222 3674 406 3762 prognosim
415 3685 482 3751 est,
493 3698 556 3738 non
564 3674 604 3738 ad
613 3674 984 3766 diagnosIm,proposita.
997 3679 1015 3736 1
1019 3673 1088 3740 bid.

182 3779 236 3867 qui
259 3779 415 3848 Veterum
439 3781 479 3846 ad
496 3781 674 3872 diagnosim
696 3784 947 3874 improbaverim
961 3833 970 3860 ,
984 3795 1017 3849 et
1036 3782 1091 3870 qui

167 3890 177 3928 ⁸
227 3887 277 3954 usi
294 3891 368 3956 sint.
391 3890 481 3956 Ibid.
508 3904 541 3956 et
563 3915 620 3978 op.
