2828 4678
379 437 429 480 nr
463 437 592 482 nnnuu
624 415 892 488 nummum
1050 419 1114 510 295

199 545 320 614 caeteri.
343 544 375 609 V
377 545 424 610 id.
444 544 565 634 Aspera
588 549 1044 617 22202ἰ2’.122022ἰ22.[122222.
1149 591 1151 598 ,

106 653 225 744 Polypi
244 657 276 721 in
298 653 396 720 corde
412 667 444 720 et
466 655 524 720 viis
548 659 713 746 sanguinis
736 683 813 724 num
833 663 1026 754 plerumqun
1039 672 1117 727 anto

154 775 292 830 mortem
304 765 390 839 sint,
412 761 480 839 IV,
500 787 553 829 22.
570 764 686 841 XVII,
707 790 758 854 29.
776 767 911 846 XVIII,
925 793 957 856 9.
976 767 1110 842 XXIV,-

156 897 199 964 ²7
215 887 250 940 et
267 897 356 961 seqq.
378 871 465 949 LII,
492 876 545 953 54.
575 874 708 952 LXIV,
734 901 765 964 9.

200 983 304 1051 NImiu
328 982 361 1047 in
379 982 442 1048 hoc
462 983 651 1058 affirmando
669 983 805 1051 facilitas
830 973 986 1072 quantum
1012 985 1116 1052 detri-

243 1092 344 1158 menti
357 1093 403 1157 rei
413 1092 583 1158 medicaeet
591 1092 737 1182 juridicae
750 1097 906 1170 attulerit,
917 1095 1040 1168 XXIV,
1056 1119 1108 1180 27.

197 1203 253 1292 qui
276 1213 385 1268 tamen
405 1201 478 1268 'sint
506 1215 561 1268 aut
593 1227 658 1269 non
683 1205 746 1272 sint
769 1203 971 1293 excipiendi,
991 1203 1112 1280 XVII,

248 1334 310 1398 29,
332 1311 385 1380 50,

52 1467 57 1478 .
197 1431 231 1486 et
248 1441 307 1483 cur
328 1440 439 1482 omnes
459 1417 492 1482 in
513 1417 709 1485 cadaverum
726 1414 1017 1486 -observationibus
1048 1419 1112 1484 sint

243 1527 542 1602 commemorandi,
571 1527 709 1612 XXIV,
737 1529 791 1596 52.
910 1586 911 1594 ,
1010 1525 1012 1530 ’

197 1660 215 1702 2
233 1637 350 1726 quibus
367 1630 522 1703 Veterum
544 1637 608 1704 sint
628 1638 793 1716 adnotati,
811 1637 855 1707 IV
864 1649 880 1716 ,“
896 1639 948 1704 25.
971 1634 1082 1705 XXIV
1096 1685 1109 1710 ,

148 1826 150 1834 y
245 1770 285 1814 22
305 1759 339 1812 et
361 1769 450 1835 seqq.
673 1739 676 1748 ’

286 1877 385 1943 aquo
408 1855 548 1943 primum
567 1855 743 1934 (122Ιί2202ῑί.
762 1855 895 1933 XXIV,
925 1857 976 1937 24.

289 1987 386 2052 2900
401 1964 542 2053 primum
558 1964 730 2054 peculiaris
749 1991 862 2032 eorum
878 1965 1026 2033 tractatio
1047 1963 1114 2028 edi·

331 2085 375 2139 ta.
395 2071 488 2138 Ibtd.

287 2207 305 2248 2
325 2181 441 2270 quibus
457 2195 545 2248 recte
568 2205 627 2271 pro
647 2179 733 2248 falsis
745 2184 933 2260 vermibus,
960 2198 994 2250 et
1009 2207 1026 2249 2
1039 2180 1095 2272 qui
1110 2224 1114 2230 ·
1236 2202 1239 2211 “

332 2291 392 2356 hus
412 2313 471 2379 pro
490 2291 578 2356 veris!
590 2314 783 2380 puerperam
804 2291 919 2358 habiti.
941 2291 1032 2358 Ibid.
1057 2292 1109 2356 25.
1244 2358 1247 2366 ,

199 2425 276 2470 uum
300 2401 333 2470 in
356 2400 563 2488 apoplecticis
586 2424 714 2489 semper
730 2402 816 2478 sint,
838 2415 894 2468 aut
916 2400 1030 2467 saltem
1048 2401 1116 2467 sre-

243 2511 475 2600 quentissime‚
506 2508 572 2585 IV,
601 2511 654 2575 25.
784 2559 788 2572 .

198 2619 453 2708 numsempnrin
472 2618 610 2688 dexteris
619 2619 817 2686 cordiscavis
835 2621 976 2710 majores
988 2671 997 2698 ‚
1009 2619 1115 2696 XVI,

250 2727 508 2818 17..XX,26.·
602 2721 607 2731 ’
792 2715 795 2722 ⁴

288 2863 330 2904 an
353 2839 545 2928 plerumque
559 2831 729 2914 ‚'XXIV,
757 2839 811 2904 52.

289 2971 361 3036 quae
376 2945 473 3037 hujus
489 2945 682 3014 discriminis
697 2947 761 3012 sint
776 2969 892 3012 causae.
908 2946 1001 3012 lttd.

200 3081 271 3148 quae
301 3059 377 3147 ipsis
408 3059 632 3147 imputantur,
663 3056 754 3122 aliter
784 3068 919 3144 possunt
944 3054 1110 3144 explicari.
1148 3139 1151 3148 f

246 3167 338 3234 lbtd.
361 3191 404 3255 7,
427 3191 479 3256 29.

199 3301 270 3368 quae
287 3278 432 3352 nonsit,
451 3288 484 3342 nt
497 3300 569 3366 quae
586 3277 628 3342 sit
649 3295 763 3342 eorum
782 3275 928 3341 materia.
950 3272 1041 3340 lttd.
1061 3277 1115 3342 26.
1241 3339 1247 3358 p

290 3387 359 3452 cavi
371 3397 404 3450 et
420 3385 609 3452 tuhiformes
623 3383 786 3474 quomodo
794 3397 929 3473 possunt
940 3381 1115 3451 efformari.

333 3493 425 3566 Ibid.
447 3494 501 3559 50.
894 3487 898 3496 ’

161 3639 166 3644 ·
200 3604 346 3694 quaedam
371 3603 457 3670 circa
480 3603 680 3692 propositam
702 3625 816 3669 eorum
842 3601 1022 3692 diagnosim
1048 3601 1133 3667 ani-s
1229 3605 1234 3618 “

246 3711 486 3779 madvertenda.
512 3710 603 3776 Ibid.
629 3713 698 3788 28,
727 3734 780 3798 29.

106 3823 276 3912 Polypotae
310 3822 477 3898 muteriae,
512 3843 611 3886 venas.
636 3821 769 3888 omnino
799 3819 867 3886 Iera
891 3818 1121 3897 obstruentis,

154 3955 229 4001 2222
257 3931 467 4010 observatio,
492 3927 626 4009 LXIV,
644 3952 680 4018 9..
