2828 4678
360 430 859 492 ernisnuunorustmuu.
950 428 963 506 ’ἱ
1065 407 1130 491 tus

301 539 432 628 quondo
457 552 490 606 ot
510 561 568 607 cur
590 562 697 630 neque
724 539 914 631 purgantis,
943 563 1048 632 noque
1067 544 1120 608 olii

352 649 473 716 stimuli
486 651 696 726 conveniunt,
721 648 823 726 XLI,
848 670 913 723 ιι,
944 671 993 714 12.

300 754 346 824 ds
360 759 537 848 punctione
552 759 585 824 in
597 759 773 847 peritonaeo
786 771 841 825 ant
854 759 886 825 in
903 758 1130 852 hypogsstrio‚

236 905 239 910 ·
354 887 429 932 cum
445 867 538 935 aliter
547 867 642 936 educi
656 891 722 938 nou
733 867 949 958 potesturIna.
961 867 1128 938 XLII.56.

306 973 425 1062 quihus
440 975 582 1042 necdum
602 974 703 1042 multa
720 976 811 1042 urina
828 975 862 1040 in
878 977 983 1042 vesica
999 999 1068 1042 csso
1084 976 1134 1042 vi·
1176 991 1178 996 ’

352 1081 484 1161 deutur,
495 1095 527 1150 et
543 1097 651 1152 tomen
666 1085 707 1150 sit
720 1081 888 1150 educendo
901 1134 909 1159 ‚
924 1081 1037 1160 XLII,
1053 1083 1105 1150 55.

128 1193 236 1260 Urinae
251 1213 428 1282 suppressas
449 1193 669 1260 excretionom
692 1215 840 1282 quaenam
860 1191 928 1258 aliae
945 1193 1132 1260 evacuatio·

174 1325 230 1368 nes
245 1300 286 1366 ad
310 1313 435 1391 tempus
455 1301 652 1393 suppleant,
676 1299 776 1379 XLI,
796 1303 828 1368 5.

217 1411 448 1500 suppressionis
472 1411 557 1477 Inter
579 1409 723 1478 renolcm
754 1423 787 1478 et
816 1411 987 1478 vesicalem
1019 1412 1132 1480 medioe

263 1519 511 1609 signaquaedam
534 1518 799 1598 considerantur,
826 1519 957 1594 va1,
984 1521 1034 1586 15.

60 1642 66 1651 “
129 1631 265 1695 Uterum
282 1628 316 1694 in
332 1629 519 1694 mulieribus
536 1629 696 1714 nonnullis
724 1651 836 1696 revera
851 1629 1043 1718 bipartitum
1060 1629 1131 1718 quis

155 1738 296 1828 -primus
313 1736 515 1813 observarit,
540 1735 609 1817 III,
630 1759 683 1804 nr.

219 1845 354 1924 deesse,
376 1847 409 1913 in
425 1846 542 1935 quibus
559 1870 618 1936 pro
630 1859 721 1916 certo
737 1869 857 1938 negare
872 1870 937 1920 non
951 1849 1133 1938 possimus,

267 1955 398 2032 XLVI,
422 1979 483 2034 ιε,
512 1959 561 2022 15.

131 2066 250 2133 Uterus
272 2089 312 2132 on
332 2065 466 2142 saltem,
488 2088 744 2156 nonnunquam,
766 2065 870 2142 salva,
889 2078 923 2134 et
939 2066 1133 2156 quomodo,
1240 2136 1246 2143 s

177 2175 313 2243 muliere
328 2227 337 2252 ,
360 2177 485 2242 excisus
506 2176 548 2241 sit
563 2226 572 2251 ,
596 2174 684 2244 XLV
697 2227 705 2251 ,
728 2178 748 2242 ὅ
763 2223 773 2253 ,
786 2187 820 2242 et
835 2198 924 2264 seqq.

3 2313 5 2350 1
132 2283 1135 2375 Utoriiuadultoextremeparvirorissimaobservatio,XLVI,

178 2417 245 2470 oo,
275 2417 329 2460 ou.
999 2458 1003 2469 .

222 2503 392 2592 obliquitas
416 2515 449 2571 ct
473 2502 572 2594 hujus
594 2502 755 2594 diagnosis
771 2553 780 2580 ‚
795 2515 833 2584 ,et
854 2523 958 2569 causae
987 2514 1137 2592 exparte

266 2612 439 2681 Veteribus
462 2625 573 2690 notre,
596 2611 757 2689 XLVIII,
783 2613 847 2689 51,
873 2613 928 2680 35.

310 2705 474 2788 interdum
493 2735 542 2788 est
566 2747 582 2788 a
604 2721 797 2810 primordiis.
821 2721 912 2789 Ibid.
935 2723 988 2790 51.
1085 2721 1092 2734 “

312 2844 443 2898 nonest
465 2853 548 2896 rare.
563 2827 659 2916 liiii.
679 2844 713 2896 ct
732 2833 785 2918 59.

313 2961 375 3008 nec
391 2942 506 3030 saepins
523 2938 738 3008 dextrorsum.
762 2937 855 3020 Idid.
875 2939 928 3026 59.

313 3073 330 3114 a
343 3073 406 3138 qua
418 3047 811 3140 saepiuscausooltservota
826 3051 878 3116 sit.
896 3047 917 3114 I
920 3047 988 3115 bid.
1000 3060 1034 3116 et
1045 3071 1135 3142 seqq.

313 3180 354 3226 an
369 3207 378 3236 ‚
396 3169 429 3226 et
440 3158 571 3247 quando
587 3157 859 3228 claudicationem
879 3158 1022 3228 inducat.
1039 3155 1133 3226 Ibid.

361 3269 414 3336 53.

315 3399 394 3444 num
413 3377 473 3445 alin
487 3430 496 3455 ,
512 3380 689 3468 praescrtim
710 3376 898 3457 mistionis,
917 3377 1135 3445 incommodo.

360 3487 451 3554 ltut.
474 3489 528 3576 59.

139 3599 228 3666 Uteri
243 3597 502 3688 lymphaeductus
519 3647 528 3673 ‚
554 3595 694 3664 XLVIII
709 3647 720 3675 ‚
735 3594 791 3680 45.
905 3677 910 3688 ,

226 3710 372 3775 osculum
384 3707 549 3773 invisente
556 3705 719 3795 quomodo
733 3705 875 3795 conspici
889 3705 1009 3794 possit,
1020 3701 1139 3781 XLVI,

280 3819 330 3882 18.

318 3924 417 4014 hujus
455 3943 576 3992 corono
601 3923 782 3995 secundum
820 3935 969 3991 naturam
1001 3921 1155 3993 anterius.
