2850 4676
264 413 268 421 ¹
315 392 317 394 ’
345 412 392 455 ιτ
419 412 547 456 unnnu
575 407 828 460 uonnaiutuu.
994 371 998 375 .
1025 391 1087 458 255

178 517 275 610 oystis
289 541 306 603 a
319 517 434 606 quihus
447 519 543 596 olim,
558 531 591 584 et
607 533 717 606 postea
735 519 850 608 insigni
865 519 1086 609 magnitudine

133 673 138 680 -
226 627 267 692 sit
283 625 507 714 deprehensa,
533 627 726 703 XXXVII,
761 631 809 692 15.

270 731 349 823 quid
366 733 399 800 in
422 735 518 824 hujus
539 737 606 802 vitii
628 736 771 826 dipguosi
792 739 893 826 possit
913 739 1088 826 imponere.

318 843 407 908 [tio.
877 912 887 920 ,

186 951 282 1040 eystis
299 951 374 1017 bilis
395 953 533 1018 tinctura
554 1003 563 1028 ,
589 975 658 1039 quaa
683 953 798 1040 saepius
815 955 847 1018 in
866 940 963 1042 oystis,
980 955 1094 1020 vicinia

232 1060 417 1148 reperitur,
443 1085 521 1126 num
542 1111 551 1136 ,
574 1073 606 1125 et
629 1061 759 1148 quando
784 1062 878 1127 noxia
902 1086 970 1128 esso
985 1075 1093 1152 queat.

233 1169 357 1245 XXX,
389 1183 581 1258 ipetseqq.

185 1279 284 1367 oystis
300 1279 372 1345 bilis
393 1279 460 1344 sine
482 1282 547 1344 ullo
564 1282 694 1356 colone,
716 1292 772 1344 aut
790 1280 932 1346 albicans
950 1281 1098 1368 aquibus

235 1388 331 1462 oIIm,
346 1399 378 1452 et
399 1379 735 1476 deinceps'observata
748 1388 806 1464 sit,
824 1387 1023 1463 XXXVIII,
1042 1393 1096 1468 42.

188 1496 287 1584 eystis
311 1519 381 1584 quae
414 1496 606 1564 detrimenta
626 1496 665 1560 ab
700 1495 940 1563 innascentibus
968 1477 1100 1564 ealculis

236 1604 336 1690 possit
355 1625 493 1690 capere,
526 1603 649 1679 XXX,
674 1623 728 1667 2ο.

192 1713 289 1802 oystis
313 1711 438 1778 calculi.
468 1713 499 1776 V
500 1711 547 1777 id.
583 1711 715 1800 Cystici.

101 1819 283 1909 Ieiunium.
312 1819 344 1883 V
346 1819 391 1884 td.
412 1819 624 1886 Abstinentia.
649 1817 815 1884 Famolici.

100 1929 272 2020 Jejunium
286 1953 356 2017 quae
364 1942 472 2012 aetates
486 1931 607 2020 magis,
626 1927 929 2006 autminusiorant,
940 1929 1099 2008 XXVIII,
1137 1980 1139 1984 -

148 2042 195 2117 6,
218 2064 247 2126 7.
798 2047 801 2059 ’“

122 2217 125 2222 ,
197 2149 341 2236 exempla
361 2148 508 2236 quaedam
523 2171 562 2213 ex
584 2147 727 2213 Romana
740 2145 884 2212 historia.
904 2145 995 2212 lttu.
1017 2173 1047 2234 7.

198 2257 337 2322 Femolii
364 2258 570 2346 obseruatio,
603 2279 674 2344 quae
693 2235 820 2321 obstaie
837 2255 983 2332 videtur,
1001 2258 1102 2346 expli-

247 2378 328 2432 cata.
355 2365 445 2432 Ittd.

106 2475 242 2566 Jejunio
268 2476 410 2543 extincti.
442 2475 522 2554 Quae
549 2475 583 2540 in
607 2496 720 2542 eorum
743 2473 1019 2542 observationibus
1036 2476 1106 2542 'sint

155 2583 373 2659 attendenda,
398 2583 569 2659 XXVIII,
594 2585 625 2662 4.

203 2691 345 2759 mulieris
362 2694 408 2758 sio
426 2693 573 2758 extinctae
597 2701 836 2779 symptomata,
864 2688 958 2756 XVII
974 2740 983 2766 ,
1009 2693 1060 2756 25.

204 2801 302 2867 eatuli
344 2802 399 2866 sie·
429 2801 561 2867 extincti
600 2811 817 2888 symptomata
858 2812 890 2864 et
930 2798 1108 2878 dissectio,

253 2910 426 2988 XXVIII,
456 2911 486 2976 5.
990 2896 1002 2930 ι

114 3021 346 3097 Joerdensius,
365 3018 440 3085 Chr.
467 3017 555 3086 Frid.
578 3041 618 3084 ex
641 3016 719 3084 Caes.
746 3016 783 3088 Ν.
810 3016 846 3081 C.
875 3015 1027 3084 Academ.
1047 3017 1114 3084 lau·

165 3131 285 3207 datus,
311 3127 448 3204 XXIV,
484 3131 537 3193 28.

116 3241 138 3311 J
141 3242 324 3332 ugularium
340 3262 493 3307 venarum
510 3249 714 3330 antennarum
728 3233 866 3326 pulsatio
886 3233 1039 3304 aGaleno
1051 3238 1117 3306 ,ani-

166 3350 334 3423 madversa
352 3361 421 3424 est,
443 3345 575 3422 XVIII,
601 3370 651 3410 ιι.

213 3483 284 3550 quae
305 3459 369 3524 sint
388 3453 604 3529 attendenda,
627 3477 668 3519 ne
691 3451 837 3522 fallamur
862 3453 896 3519 iu
918 3453 988 3542 ejus
1006 3453 1118 3541 cogni-

261 3568 362 3642 tione,
381 3562 471 3628 thiu.
794 3627 796 3635 .

218 3689 297 3766 quot
316 3674 356 3742 ex
379 3673 481 3740 causis
497 3657 596 3759 possit
622 3668 779 3734 accidere.
802 3665 891 3732 lbid.
908 3680 974 3766 qet
989 3691 1075 3756 seqq.
1137 3655 1139 3658 ¹

219 3785 347 3876 quando
365 3784 406 3851 sit
433 3806 450 3847 a
472 3780 578 3848 cordis
599 3778 767 3844 ventriculi
789 3776 928 3851 dexteri,
951 3777 1123 3865 etquando
1155 3789 1157 3796 “

267 3895 307 3960 ab
324 3894 420 3986 hujus
432 3888 581 3958 auriculae
597 3887 826 3955 contractione.
846 3883 934 3956 [tid.
962 3907 1010 3951 lt.
