2850 4676
316 422 378 490 tto
647 444 764 492 ιιιιιιιιι
788 441 982 498 nostres·

400 547 442 620 de
470 548 659 619 difficultate
684 549 903 640 deglutitionis
932 554 965 622 in
996 551 1071 622 colli
1106 552 1312 643 perversione

446 659 608 746 quomodo
625 673 773 749 exparte
789 661 1018 749 explicandos,
1039 663 1209 739 XXVIII,
1240 687 1289 749 ¹7·

400 767 443 834 de
467 768 564 856 signis
585 768 701 856 puris,
725 769 814 858 quod
837 771 1030 849 conficitur,
1057 771 1231 861 aliquando
1250 793 1315 836 non

444 875 641 966 respondet,
665 882 747 948 etin
763 879 882 967 quibus
902 883 1107 970 praesertim,
1130 881 1204 958 LV,
1230 883 1280 946 ιθ.

400 985 440 1052 de
461 998 556 1052 acuto
579 985 695 1054 morbo
713 988 747 1056 in
770 989 907 1077 gravidis
931 989 1040 1060 lethali
1060 991 1103 1060 ita
1126 1002 1200 1066 est,
1231 1001 1268 1053 ut
1295 1012 1312 1054 a

447 1095 565 1171 Celso,
587 1095 819 1184 accipiendus,
851 1097 939 1175 XX,
970 1121 1021 1168 ιο.

400 1203 568 1274 decenum
585 1205 709 1293 jejunio
728 1207 775 1274 sic
792 1207 933 1295 pariter,
951 1219 988 1274 ut
1006 1231 1024 1274 a
1046 1207 1140 1276 Celso
1157 1197 1316 1296 accipien-

444 1312 523 1389 dus,
541 1313 712 1390 XXVIII,
736 1315 768 1378 6.

488 1445 568 1497 nom
595 1422 779 1494 confirmari
799 1424 901 1511 possit
927 1447 967 1493 ex
983 1424 1136 1514 IIugoIini
1161 1424 1313 1500 comitis,

491 1544 524 1600 et
544 1530 686 1603 filiorum
704 1545 809 1601 morte
825 1533 912 1621 opud
929 1534 1079 1602 Dantem.
1105 1533 1198 1600 1ttt.
1230 1559 1259 1621 7.

309 1641 516 1731 Hippocratis
532 1665 615 1732 aegra
636 1641 782 1728 quaedam
796 1643 829 1708 in
847 1643 985 1730 epidem.
1004 1643 1169 1730 quomodo
1185 1665 1316 1717 monum

357 1755 453 1824 simul
475 1752 687 1842 paralyticam
701 1765 734 1818 et
758 1751 944 1822 convulsam
960 1752 1121 1828 haberet,
1144 1751 1203 1827 X”‚'
1220 1753 1271 1818 15.

399 1862 580 1928 observatio
601 1862 633 1926 In
658 1861 795 1938 iisdem,
822 1861 948 1934 lethalis
974 1861 1155 1951 singultus,
1183 1885 1202 1926 a
1226 1885 1314 1926 sum-

446 1972 507 2036 mis
537 1970 671 2040 medicis
702 1969 926 2048 confirmata,
960 1971 1166 2059 exceptiones
1205 1969 1311 2034 hahet.

446 2080 592 2154 XXIX,
621 2081 653 2146 ὅ.

399 2193 491 2260 locus
503 2189 537 2256 in
552 2190 658 2259 concis
670 2187 711 2254 de
729 2188 956 2260 obscuratione
973 2188 1057 2254 visus
1074 2211 1092 2253 a
1109 2189 1246 2256 vulnere
1263 2210 1315 2254 su-

446 2299 569 2390 percilii
586 2295 783 2386 explicatos,
806 2296 888 2366 XIII
898 2313 913 2374 ·,
938 2297 968 2364 5.
1089 2337 1093 2342 -

401 2410 492 2478 Iocus
509 2391 586 2476 ibid.
614 2406 655 2472 de
671 2407 939 2495 peripneumonia
965 2429 1006 2474 an
1025 2406 1146 2483 aliter,
1172 2419 1207 2473 et
1236 2431 1315 2494 qno·
1407 2425 1408 2488 ι

445 2518 543 2586 modo
561 2515 727 2605 legendus,
754 2515 836 2587 XXI
855 2516 946 2602 ,'59.
1046 2566 1052 2586 ι

401 2627 559 2702 Ibidem,
587 2639 620 2692 et
644 2625 719 2692 alibi
740 2626 930 2716 Hippocrati
949 2625 1003 2696 alii
1028 2637 1105 2694 sunt
1116 2627 1311 2716 suppurati,

344 2771 350 2782 ¹
446 2739 497 2804 alii
516 2733 691 2825 phthisin,
723 2735 823 2804 XXII
843 2785 853 2811 ,
875 2757 928 2821 ap.

399 2851 489 2916 locus
518 2845 601 2912 ibid.
639 2845 679 2910 de
716 2844 900 2909 tabidorum
927 2843 1028 2932 sputis
1063 2865 1122 2932 per
1158 2845 1313 2915 marinam
1406 2893 1407 2912 ι

447 2979 563 3045 aquam
586 3007 596 3033 ,
621 2954 726 3022 aheno
748 2965 956 3045 contentens,
980 2952 1187 3041 explorandis
1210 2954 1313 3028 consi·

447 3067 587 3132 deretur.
613 3063 706 3131 Ilio.
736 3067 788 3129 ιδ.

401 3179 492 3244 Iocus
511 3176 543 3240 in
557 3173 704 3240 Praedict.
724 3171 962 3248 confirmatur,
979 3170 1035 3236 nbi
1051 3193 1090 3236 ex
1105 3167 1313 3258 palpitatione

446 3286 532 3352 cit-oa
566 3295 711 3350 ventrem
738 3279 925 3370 predicitur
954 3281 1119 3370 sanguInis
1158 3281 1310 3368 eruptio,

354 3441 362 3460 .
444 3392 581 3467 XXIX,
604 3412 653 3458 ιι.

402 3505 477 3573 libri
501 3499 671 3588 cujusdam
689 3498 910 3586 Hippocratioi
930 3495 1100 3585 inscriptio
1117 3495 1157 3568 ds
1171 3497 1309 3566 Ptiscna

441 3635 521 3678 num
537 3609 631 3675 suerit
648 3632 665 3674 n
686 3605 788 3674 Plinio
804 3605 938 3674 inducta
952 3657 961 3683 ,
977 3605 1090 3674 XXVI
1106 3656 1115 3682 ‚
1148 3607 1199 3672 25.

403 3723 494 3790 locus
508 3717 610 3807 ejusd.
635 3716 709 3782 libri
731 3716 771 3782 de
793 3718 968 3784 visceribus
984 3715 1200 3804 pendentibus
1216 3714 1311 3784 omis-

448 3855 484 3900 so
515 3828 678 3918 prandio,
707 3827 872 3916 quomodo
910 3823 1137 3916 intelligendus
1165 3821 1310 3910 steppti‘
1403 3881 1404 3918 p

395 3959 398 3966 ·
451 3935 583 4006 condus.
608 3935 700 4004 lttct
1403 3929 1404 3932 ¹
