2880 4674
394 397 395 401 ¹
446 426 822 474 manumittimus·
1086 403 1126 488 57

256 538 416 628 usquead
440 537 674 626 diaphragma,
694 535 820 612 LXIV,
852 537 901 601 15.

215 686 217 694 ¹
257 673 362 737 usque
383 647 423 712 ad
442 651 667 736 emulgentes,
690 646 822 723 XXVI,
846 669 897 710 21.
918 643 1027 720 LVII,
1050 667 1100 709 ιο.
1172 678 1174 682 ·

212 759 258 824 ab
286 758 526 846 emulgentibus
550 756 590 820 ad
605 780 760 845 magnum
779 755 945 822 iliacarum
961 767 1126 831 tractum,

213 951 216 958 .
258 867 463 942 xxxvia,
482 869 534 946 aa.

110 976 225 1042 Aortae
246 1000 442 1065 aneurysma
463 998 563 1064 prope
580 998 637 1042 cor
656 1025 664 1050 ,
686 973 808 1051 XVII,
846 997 884 1059 17
899 993 908 1050 ,
926 975 977 1038 25.
996 971 1127 1051 XVIII,
1254 980 1261 990 '

164 1110 233 1172 17,
261 1089 317 1150 28.
603 1154 604 1158 ,

257 1193 380 1262 saeculi
400 1195 527 1271 instar,
550 1205 764 1283 perruptum,
791 1191 927 1268 XXVI,
956 1193 1005 1256 15.

206 1329 226 1369 a
248 1304 353 1370 eorde
371 1304 412 1370 ad
434 1316 535 1370 totam
554 1315 780 1380 curvaturam,
803 1302 934 1378 XVIII,
959 1303 1012 1380 54.

255 1413 300 1478 ad
324 1411 531 1502 diaphragma
565 1437 665 1500 usque
695 1411 914 1478 exulceratum
936 1423 969 1477 et
998 1409 1127 1500 disrup-

304 1535 401 1598 tum,
425 1523 543 1598 XVII,
574 1525 623 1587 15.

260 1631 304 1696 ad
327 1631 526 1720 emulgentes
550 1655 673 1720 usque,
696 1629 831 1706 XVIII,
857 1633 910 1696 50.

115 1738 225 1806 Aortae'
247 1764 442 1828 aneurysma
470 1740 510 1805 ad
530 1753 754 1816 curvaturam,
773 1738 899 1815 LVIII,
930 1742 980 1804 15.

255 1849 344 1914 saca
358 1849 493 1937 ingena
508 1851 627 1924 instar,
650 1847 765 1924 xvii,
786 1850 837 1913 25.
853 1847 983 1923 xvru,
1005 1831 1056 1913 254

204 1960 240 2024 in
265 1961 336 2046 ipsa
358 1969 555 2033 curvatura,
578 1957 714 2033 XVIII,
740 1980 791 2022 22.
813 1956 863 2032 L,
885 1981 916 2044 9.

229 2091 388 2156 magnum
401 2068 434 2132 in
445 2067 624 2154 pericardio
641 2066 845 2155 disruptum,
863 2066 995 2142 XXVI,
1012 2067 1050 2141 5,
1069 2088 1118 2152 19.

212 2177 360 2242 exterius
382 2176 587 2263 disruptum,
603 2176 736 2251 XXVI,
754 2201 785 2264 9.

207 2284 331 2372 duplex
343 2285 375 2348 in
397 2284 529 2350 thorace
546 2285 755 2362 inchoatum,
771 2283 900 2362 LXIV,
931 2285 980 2349 15.

206 2418 312 2482 prope
322 2393 569 2482 diaphragmain
579 2395 711 2462 thorace
723 2407 927 2482 perruptum,
936 2394 1080 2470 XXVI,1
1092 2418 1119 2458 1.

206 2505 319 2570 statim
343 2505 402 2568 sub
431 2504 698 2594 diaphragmate,
720 2518 752 2572 et
774 2529 831 2594 per
848 2505 911 2570 hcc
935 2505 968 2570 in
992 2505 1126 2570 thorace

253 2626 475 2703 perruptum,
504 2613 580 2690 XL,
601 2637 653 2700 29.

207 2725 295 2790 iuter
320 2722 571 2812 diaphragmatis
594 2723 788 2812 appendices
808 2725 990 2812 incipiens,
1014 2736 1047 2789 et
1072 2723 1123 2789 di-

259 2833 398 2899 midium
416 2833 533 2898 ventris
551 2856 733 2921 occupans,
758 2833 842 2910 XL,
867 2835 921 2910 26,

207 2941 308 3029 paulo
332 2965 427 3030 supra
444 2942 633 3009 dirisiouem
646 2944 679 3008 in
692 2944 820 3019 iliacas,
844 2943 1023 3011 XXXVIII
1040 2993 1048 3018 ,
1066 2945 1119 3022 4ο.

120 3047 224 3134 Aertae
243 3075 409 3118 ramorum
427 3075 629 3140 aneurysma.
660 3053 691 3115 V
693 3052 739 3118 td.
763 3052 976 3121 Brachialem.
1001 3051 1122 3118 Crurass

163 3158 239 3234 lem.
266 3161 462 3250 Poplitaeam.
492 3161 570 3228 Sub.
591 3163 725 3228 claviam
750 3163 911 3228 arteriam.

78 3316 82 3362 ι
122 3263 225 3334 Aortae
243 3272 362 3336 tunicae
383 3273 687 3358 aequn'tenuiores,
718 3270 871 3349 XXVII,
900 3295 949 3337 12.

208 3381 346 3467 parietes
361 3381 407 3444 ‘ab
424 3405 489 3445 uno
508 3379 606 3446 latere
630 3379 671 3446 ad
694 3383 846 3469 angulum
868 3381 1093 3446 convenientes
1113 3428 1122 3457 ‚

258 3489 371 3566 LXV,
398 3491 428 3553 5.

126 3592 220 3662 llorta
233 3599 319 3664 intus
344 3612 468 3664 certum
485 3611 657 3664 attractum
673 3601 841 3666 reticulata
853 3623 893 3666 ex
905 3601 983 3666 albis
1000 3612 1123 3664 exstan-

168 3707 253 3773 tibus
268 3708 381 3784 fibris,
405 3708 480 3772 LIII
497 3759 505 3783 ,
532 3709 585 3793 57.

210 3817 305 3884 fibras
329 3820 420 3906 quasi
449 3818 617 3884 distractas
652 3819 824 3884 ostendens
848 3869 856 3894 ,
884 3817 1028 3892 XVIII,
1066 3820 1118 3897 54.

257 3926 347 4003 LVI,
379 3949 427 3992 12.

214 4037 301 4122 quasi
337 4037 435 4104 lineas
475 4048 506 4102 et
547 4033 653 4104 sulcos
682 4035 862 4106 secuudum
893 4033 1126 4126 longitudinem
